=LDR  00340    a2200109   4500
=001  9906
=100  \\$aOlof, Theo$4aut$913054
=245  \\$aDaar sta je dan
=260  \\$c1958
=942  \\$cBOO
=952  \\$00$10$2ddc$40$6LIT_OLOF_A$70$8LIT$99894$aORPH$bORPH$cKM12_2_H$d2020-07-08$eKoopman$oLIT OLOF a$p20130061$r2021-01-12 00:00:00$w2021-01-12$yBOO
=999  \\$c9906$d9906

