=LDR  01296aam a2200217   4500
=001  9907
=008  250203s1993\\\\||||||||\c|||\00|\0\ger\d
=041  \\$ager
=100  \\$aOmonsky, U.$913055$4aut
=245  \\$aUntersuchungen zur Musiksammelhandschrift Signatur N.22 aus dem Pfarrarchiv Neustadt (Orla).$bEin Beitrag zur Musikgeschichte Thüringen der 1. Hälfte des 17. Jahrhunderts
=260  \\$aBad Köstritz$bForschungs- und Gedenkstätte Heinrich-Schütz-Haus Bad Köstritz$c1993
=300  \\$a220 pages
=490  \\$aForschungs- und Gedenkstätte Heinrich-Schütz-Haus Bad Köstritz, Wissenschaftliche Veröffentlichungen Sonderreihe Monographien$v1
=648  \0$a17th Century (1601-1700)$1http://www.wikidata.org/entity/Q7016$920923
=650  \0$aManuscript$1http://www.wikidata.org/entity/Q87167$92275
=650  \0$aChurch music$1http://www.wikidata.org/entity/Q8812109$1http://www.wikidata.org/entity/Q1065742$92283
=651  \0$aNeustadt (Germany)$1http://www.wikidata.org/entity/Q1554$939630
=651  \0$aThuringia (Germany)$1http://www.wikidata.org/entity/Q1205$922311
=942  \\$cBOO
=952  \\$00$10$2ddc$40$6BIB_4_000000000000000_DE_THU_5$70$8BIB$99895$aORPH$bORPH$cKTS0$d2020-07-08$eKoopman$i35C05$l0$oBIB4 DE.THU 5$p20120751$r2021-01-12 00:00:00$w2021-01-12$yBOO$OKoopman
=999  \\$d9907

