=LDR  00999aam a2200229   4500
=001  9909
=005  20251001162312.0
=008  250428s1960\\\\||||||||\||||\00|\0\ger\d
=041  \\$ager
=100  \\$aOnkelbach, F.$913057$4aut
=245  \\$aLucas Lossius und seine Musiklehre
=260  \\$aRegensburg$bBosse$c1960
=490  \\$aKölner Beiträge zur Musikforschung$vXVII
=590  \\$aInaugural-Dissertation
=600  10$aLossius, Lucas$d1508-1582$1https://isni.org/isni/0000000121372020$98034
=648  \0$a16th Century (1501-1600)$1http://www.wikidata.org/entity/Q7017$920944
=650  \0$aMusic philosophy and aesthetics$1http://www.wikidata.org/entity/Q2092865$921165
=650  \0$aLutheranism$1http://www.wikidata.org/entity/Q75809$923975
=651  \0$aGermany$1http://www.wikidata.org/entity/Q183$9155
=942  \\$cBOO
=952  \\$00$10$2ddc$40$6BIO_LOSS_D$70$8BIO$99897$aORPH$bORPH$cKTS1_P$d2020-07-08$eKoopman$i38C35$oBIO LOSS d$p20120415$r2021-01-12 00:00:00$w2021-01-12$yBOO$OKoopman
=999  \\$d9909

