=LDR  00972aam a2200241   4500
=001  9910
=008  220905s1985\\\\|||g||||\||||\00|\0bdut\d
=020  \\$a9028205888
=041  \\$adut
=245  \\$aDomenico Scarlatti 1685-1985
=260  \\$avan Oorschot$bAmsterdam$c1985
=300  \\$a143 pages
=490  \\$aTirade$v301
=600  \0$aScarlatti, Domenico$d1685-1757$1http://www.wikidata.org/entity/Q167837$95383
=648  \0$a18th Century (1701-1800)$1http://www.wikidata.org/entity/Q7015$920899
=650  \0$aComposer$1http://www.wikidata.org/entity/Q36834$93625
=651  \0$aItaly$1http://www.wikidata.org/entity/Q38$922
=651  \0$aSpain$1http://www.wikidata.org/entity/Q29$920983
=700  \\$4edt$aOorschot, Wouter van$913058
=700  \\$4edt$aWilson, Glen$924827
=942  \\$cBOO
=952  \\$00$10$2ddc$40$6BIO_SCAR2_E$70$8BIO$99898$aORPH$bORPH$cKTS1_P$d2020-07-08$eKoopman$i30B48$l0$oBIO SCAR2 e$p20123378$r2021-01-12 00:00:00$w2021-01-12$yBOO$OKoopman
=999  \\$d9910

