=LDR  00371    a2200121   4500
=001  9911
=020  \\$a9789029058896
=100  \\$aOort, D. van$913059
=245  \\$aOp de kat af
=260  \\$c1996
=942  \\$cBOO
=952  \\$00$10$2ddc$40$6LIT_OORT_A$70$8LIT$99899$aORPH$bORPH$cKM12_2_H$d2020-07-08$eKoopman$i43G31$oLIT OORT a$p20126774$r2021-01-12 00:00:00$w2021-01-12$yBOO
=999  \\$c9911$d9911

