=LDR  00939    a2200217   4500
=001  9914
=008  230315|\\\\\\\\nl\efa||\||||\00|\0\dut\d
=041  \\$adut
=100  \\$aOost, G.$913062$4aut
=245  \\$aDe orgelmakers Bätz. Een eeuw orgelbouw in Nederland (1739-1849)
=260  \\$c1975
=300  \\$a407 pages
=600  \0$925854$aBätz,Johann Heinrich H.
=648  \0$a18th Century (1701-1800)$1http://www.wikidata.org/entity/Q7015$920899
=650  \0$aOrgan$1http://www.wikidata.org/entity/Q1444$92810
=650  \0$aOrganology$1http://www.wikidata.org/entity/Q899293$921400
=650  \0$aMusic history$1http://www.wikidata.org/entity/Q846047$921373
=651  \0$aNetherlands$1http://www.wikidata.org/entity/Q55$9173
=942  \\$cBOO
=952  \\$00$10$2ddc$40$6INS_3_000000000000000_1B_BÄTZ$70$8INS$99902$aORPH$bORPH$cKTS0$d2020-07-08$eKoopman$i32C11$l0$oINS3.1b BÄTZ$p20122909$r2021-01-12 00:00:00$w2021-01-12$yBOO$OKoopman
=999  \\$d9914

