=LDR  01368nam a2200301 a 4500
=001  9916
=005  20250926134856.0
=008  921023s1992\\\\ne\a\\\\\bk\\\001\0bdut\\
=020  \\$a9064696659
=040  \\$aOI
=041  \\$adut
=100  \\$aOost, Gert$4aut$913063
=245  10$aAnthon van der Horst, 1899-1965:$bleven en werken
=260  \\$aAlphen aan den Rijn$bCanaletto$c1992
=300  \\$a220 pages$billustrations$c25 cm
=504  \\$aDiscography: p. 212-214.
=504  \\$aIncludes bibliographical references (p. 214-215) and index.
=600  \0$aHorst, Anthon van der$d1899-1965$1http://www.wikidata.org/entity/Q2952026$913064
=600  \0$aBach, Johann Sebastian$d1685-1750$1http://www.wikidata.org/entity/Q1339$94766
=648  \0$a20th Century (1901-2000)$1http://www.wikidata.org/entity/Q6927$920936
=650  \0$aComposer$1http://www.wikidata.org/entity/Q36834$93625
=650  \0$aConductor$1http://www.wikidata.org/entity/Q158852$93134
=650  \0$aOrganist$1http://www.wikidata.org/entity/Q765778$94471
=650  \0$aBiography$1http://www.wikidata.org/entity/Q36279$91927
=651  \0$aNaarden (Netherlands)$1http://www.wikidata.org/entity/Q9949$972
=942  \\$cBOO
=952  \\$00$10$2ddc$40$6BIO_HORS_D$70$8BIO$99904$aORPH$bORPH$cKTS1_P$d2020-07-08$eKoopman$i46C25$oBIO HORS d$p20127638$r2021-01-12 00:00:00$w2021-01-12$yBOO$OKoopman
=999  \\$d9916

