=LDR  01341nam a2200313 a 4500
=001  9920
=005  20250120120526.0
=008  970601s1992\\\\ne\\\\\\r\\\\\000\0\dut\d
=020  \\$a9053331379
=040  \\$aOI
=041  \\$adut
=050  00$aPT5121$b.O58 1992
=080  \\$a091 <492>
=080  \\$a839.3 "04/14"
=100  1\$avan Oostrom, F. P.$q(Frits Pieter),$d1953-$4aut
=245  10$aAanvaard dit werk:$bover Middelnederlandse auteurs en hun publiek
=260  \\$aAmsterdam$bPrometheus$c1992
=300  \\$a335 pages
=490  0\$aNederlandse literatuur en cultuur in de middeleeuwen$v6
=504  \\$aIncludes bibliographical references (p. 312-329) and index.
=541  \\$3BIB.ELS.002731$cSchenking$aVan Elslander, Antonin,1921-1999 (viaf)61558963$d[17/06/1999]
=648  \0$aMiddle Ages (500-1400)$1http://www.wikidata.org/entity/Q12554$920964
=650  \0$aLiterature$1http://www.wikidata.org/entity/Q8242$94439
=650  \0$aWriter$1http://www.wikidata.org/entity/Q36180$93885
=650  \0$aAudience$1http://www.wikidata.org/entity/Q211198$922926
=651  \0$aNetherlands$1http://www.wikidata.org/entity/Q55$9173
=942  \\$cBOO
=952  \\$00$10$2ddc$40$6TOP_NL_3_000000000000000$70$8TOP$99908$aORPH$bORPH$cKTS0$d2020-07-08$eKoopman$i42D34$l0$oTOP NL 3$p20120051$r2021-01-12 00:00:00$w2021-01-12$yBOO$OKoopman
=999  \\$d9920

