=LDR  01587aam a2200289   4500
=001  9921
=005  20251003085458.0
=008  230217s2005\\\\||||||||\||||\00|\0\dut\d
=022  \\$a09219293
=041  \\$adut
=100  \\$aOostrum, A. H. van$913070$4aut
=245  \\$aArabische Muziek in de Universiteitsbibliotheek van Leiden:$bVan Middeleeuwse handschriften tot moderne uitvoeringspraktijk
=260  \\$aLeiden$bScaliger Instituut$bLegatum Warnerianum$bUniversiteitsbibliotheek Leiden$c2005
=300  \\$a48 pages
=490  \\$aKleine publicaties van de Leidse Universiteitsbibliotheek$v68
=590  \\$aCatalogus bij een tentoonstelling in de Leidse Universiteitsbibliotheek, 3 - 26 juni 2005
=610  \0$aUniversiteit Leiden (Netherlands)$1http://www.wikidata.org/entity/Q156598$922381
=650  \0$aMusic theory$1http://www.wikidata.org/entity/Q193544$92662
=650  \0$aHistorically informed performance$1http://www.wikidata.org/entity/Q1344860$920980
=650  \0$aMusic history$1http://www.wikidata.org/entity/Q846047$921373
=650  \0$aEthnomusicology$1http://www.wikidata.org/entity/Q208365$920991
=650  \0$aCatalogue$1http://www.wikidata.org/entity/Q2352616$1https://www.wikidata.org/wiki/Q6941730$921484
=651  \0$aArabia$1http://www.wikidata.org/entity/Q57751375$925750
=651  \0$aLeiden (Netherlands)$1http://www.wikidata.org/entity/Q43631$978
=942  \\$cBOO
=952  \\$00$10$2ddc$40$6TOP_AR_0_000000000000000$70$8TOP$99909$aORPH$bORPH$cKTS0$d2020-07-08$eKoopman$i33E25$l0$oTOP AR 0$p20120964$r2021-01-12 00:00:00$w2021-01-12$yBOO$OKoopman
=999  \\$d9921

