=LDR  01286cam a2200289 a 4500
=001  9922
=005  20250121142125.0
=008  991019s1999\\\\ne\a\\\\\b\\\\001\0bdut\\
=020  \\$a906550057X
=040  \\$aOI
=041  0\$adut$beng
=100  \\$aOostrum, Wilhelmina Rosalie Dina van$d-1943$4aut$913071
=245  10$aJuliana Cornelia de Lannoy (1738-1782):$bambitieus, vrijmoedig en gevat
=260  \\$aHilversum$bVerloren$c1999
=300  \\$a375 pages$bill.$c24 cm
=504  \\$aIncludes bibliographical references (p. [337]-357) and index.
=546  \\$aSummary in English.
=600  \0$aLannoy, Juliana Cornelia de$d1738-1782$1http://www.wikidata.org/entity/Q2316970$95885
=648  \0$a18th Century (1701-1800)$1http://www.wikidata.org/entity/Q7015$920899
=650  \0$aPoet$1http://www.wikidata.org/entity/Q49757$92954
=650  \0$aGender$1http://www.wikidata.org/entity/P21$921254
=650  \0$aFemale$1http://www.wikidata.org/entity/Q6581072$921764
=650  \0$aBiography$1http://www.wikidata.org/entity/Q36279$91927
=651  \0$aNetherlands$1http://www.wikidata.org/entity/Q55$9173
=942  \\$cBOO
=952  \\$00$10$2ddc$40$6BIO_LANN_D$70$8BIO$99910$aORPH$bORPH$cKTS1_P$d2020-07-08$eKoopman$i22A23$oBIO LANN d$p20125610$r2021-01-12 00:00:00$w2021-01-12$yBOO
=999  \\$d9922

