=LDR  00951aam a2200217   4500
=001  9923
=005  20251003153523.0
=008  230517s2010\\\\||||||||\||||\00|\0\dut\d
=020  \\$a9078662037
=041  \\$adut
=100  \\$aOpher, A.$913073$4aut
=245  \\$aDe sluitstenen in de Grote of Sint-Bavokerk te Haarlem
=260  \\$aHaarlem$bVereniging Vrienden van de Grote of St.-Bavokerk te Haarlem$c2010
=490  \\$aBavoreeks$v10
=610  \0$1http://www.wikidata.org/entity/Q1545193$aGrote of Sint-Bavokerk (Haarlem, Netherlands)$925357
=650  \0$1http://www.wikidata.org/entity/Q16970$aChurch$93776
=650  \0$1http://www.wikidata.org/entity/Q12271$aArchitecture$93185
=651  \0$1http://www.wikidata.org/entity/Q9920$aHaarlem (Netherlands)$921584
=942  \\$cBOO
=952  \\$00$10$2ddc$40$6TOP_NL_HAA$70$8TOP$99911$aORPH$bORPH$cKTS0$d2020-07-08$eKoopman$i44E25$l0$oTOP NL.HAA$p20126573$r2021-01-12 00:00:00$w2021-01-12$yBOO$OKoopman
=999  \\$d9923

