=LDR  01028cam a2200241 a 4500
=001  9924
=005  20250925143258.0
=008  891109s1986\\\\enka\\\\\b\\\\001\0\eng\\
=020  \\$a0715388851
=040  \\$aOI
=041  \\$aeng
=100  \\$aOrd-Hume, Arthur W. J. G.$1http://www.wikidata.org/entity/Q47118709$4aut$913074
=245  10$aHarmonium,$cthe History of the Reed Organ and Its Makers
=260  \\$aNewton Abbot$bDavid & Charles$c1986
=300  \\$a256 pages$billustrations$c25 cm
=504  \\$aBibliography: p. 248-249.
=648  \0$a19th Century (1801-1900)$1http://www.wikidata.org/entity/Q6955$920935
=648  \0$a20th Century (1901-2000)$1http://www.wikidata.org/entity/Q6927$920936
=650  \0$aReed organ$1http://www.wikidata.org/entity/Q12460259$93502
=650  \0$aOrganology$1http://www.wikidata.org/entity/Q899293$921400
=942  \\$cBOO
=952  \\$00$10$2ddc$40$6INS_3B$70$8INS$99912$aORPH$bORPH$cKTS0$d2020-07-08$eKoopman$i19B15$l0$oINS3b$p20125105$r2021-01-12 00:00:00$w2021-01-12$yBOO$OKoopman
=999  \\$d9924

