=LDR  00812pam a2200193 i 4500
=001  9925
=008  750207s1978\\\\-usaf\\\\b\\\\001\0\eng\\
=020  \\$a0498014827 :$c$25.00
=041  \\$aeng
=100  \\$aOrd-Hume, Arthur W. J. G.$4aut$1http://www.wikidata.org/entity/Q47118709$913074
=245  00$aBarrel Organ:$bThe Story of the Mechanical Organ and Its Repair
=260  \\$aSouth Brunswick$bBarnes$c1978
=300  \\$a567-[33] pages$c26 cm.
=504  \\$aBibliography: p. 548-552.
=650  \0$aBarrel organ$1http://www.wikidata.org/entity/Q752638$93504
=650  \0$aOrgan$1http://www.wikidata.org/entity/Q1444$92810
=942  \\$cBOO
=952  \\$00$10$2ddc$40$6INS_10_000000000000000_2A$70$8INS$99913$aORPH$bORPH$cKTS0$d2020-07-08$eKoopman$i24D02$oINS10.2a$p20129142$r2021-01-12 00:00:00$w2021-01-12$yBOO
=999  \\$d9925

