=LDR  01303cam a2200277 a 4500
=001  9926
=005  20251010154000.0
=008  830228s1982\\\\wlkaceg\\b\\\\001\0deng\\
=020  \\$a0906449375
=040  \\$aOI
=041  \\$aeng
=100  \\$aOrd-Hume, Arthur W. J. G.$1http://www.wikidata.org/entity/Q47118709$4aut$4ill$913074
=245  10$aJoseph Haydn and the Mechanical Organ
=260  \\$aCardiff$bUniversity College Cardiff Press$c1982
=300  \\$a185 pages$billustrations, portrait, plans, music, facsimiles$c25 cm
=504  \\$aBibliography: p. 176.
=600  \0$aHaydn, Joseph$d1732-1809$1http://www.wikidata.org/entity/Q7349$94783
=648  \0$a18th Century (1701-1800)$1http://www.wikidata.org/entity/Q7015$920899
=648  \0$a19th Century (1801-1900)$1http://www.wikidata.org/entity/Q6955$920935
=650  \0$aClock$1http://www.wikidata.org/entity/Q376$92132
=650  \0$aBarrel organ$1http://www.wikidata.org/entity/Q752638$93504
=650  \0$aMechanical musical instrument$1http://www.wikidata.org/entity/Q8614972$926213
=651  \0$aAustria$1http://www.wikidata.org/entity/Q40$9202
=942  \\$cBOO
=952  \\$00$10$2ddc$40$6BIO_HAYD1_E$70$8BIO$99914$aORPH$bORPH$cKTS1_P$d2020-07-08$eKoopman$i31F14$oBIO HAYD1 e$p20123160$r2021-01-12 00:00:00$w2021-01-12$yBOO$OKoopman
=999  \\$d9926

