=LDR  01077aam a2200217   4500
=001  9929
=008  221222s1949\\\\||||||||\||||\00|\0dger\d
=041  \\$ager
=100  \\$aOrel, Alfred$d1889-1967 $4aut$1http://www.wikidata.org/entity/Q4336135$913077
=245  \\$aGoethe als Operndirektor
=260  \\$aBregenz$bRuss$c1949
=600  \0$aGoethe, Johann Wolfgang von$d1749-1832$1http://www.wikidata.org/entity/Q5879$911175
=648  \0$a18th Century (1701-1800)$1http://www.wikidata.org/entity/Q7015$920899
=648  \0$a19th Century (1801-1900)$1http://www.wikidata.org/entity/Q6955$920935
=650  \0$aImpresario$1http://www.wikidata.org/entity/Q943995$92149
=650  \0$aStaging$1http://www.wikidata.org/entity/Q3508687$922118
=650  \0$aOpera$1http://www.wikidata.org/entity/Q1344$92468
=651  \0$aBad Leuchstädt$1http://www.wikidata.org/entity/Q523975$925521
=942  \\$cBOO
=952  \\$00$10$2ddc$40$6BIO_GOET_E$70$8BIO$99917$aORPH$bORPH$cKTS1_P$d2020-07-08$eKoopman$i20D08$l1$oBIO GOET e$p20125328$r2025-05-20 12:42:07$s2025-05-14$w2021-01-12$yBOO$OKoopman
=999  \\$d9929

