=LDR  01026    a2200241   4500
=001  9932
=008  211022s1995\\\\gw\a||||\||||\00|\0\ger\d
=020  \\$a9783423304689
=041  \\$ager
=100  \\$aOrtkemper, Hubert$4aut$913080
=245  \\$aEngel wider Willen:$bDie Welt der Kastraten. Eine andere Operngeschichte
=260  \\$aBerlin$bdtv/Bärenreiter$c1993
=300  \\$a416 pages
=561  \\$aEx Libris Ton Koopman
=648  \0$a17th Century (1601-1700)$1http://www.wikidata.org/entity/Q7016$920923
=648  \0$a18th Century (1701-1800)$1http://www.wikidata.org/entity/Q7015$920899
=650  \0$aSinger$1http://www.wikidata.org/entity/Q177220$93915
=650  \0$aCastrato$1http://www.wikidata.org/entity/Q210970$92704
=650  \0$aOpera$1http://www.wikidata.org/entity/Q1344$92468
=651  \0$aEurope$1http://www.wikidata.org/entity/Q46$991
=942  \\$cBOO
=952  \\$00$10$2ddc$40$6INS_2A$70$8INS$99920$aORPH$bORPH$cKTS0$d2020-07-08$eKoopman$i23E22$oINS2a$p20128959$r2021-01-12 00:00:00$w2021-01-12$yBOO
=999  \\$d9932

