=LDR  01229cam a2200289 a 4500
=001  9933
=005  20250121142125.0
=008  000816s2000\\\\gw\a\\\\\b\\\\001\0bger\\
=020  \\$a3458342990
=040  \\$aOI
=041  \\$ager
=100  \\$aOrtkemper, Hubert$4aut$913080
=245  10$aCaffarelli:$bdas Leben des Kastraten Gaetano Majorano, genannt Caffarelli
=250  \\$a1st ed.
=260  \\$aFrankfurt am Main$bInsel$c2000
=300  \\$a260 pages$billustrations$c18 cm
=490  0\$aInsel Taschenbuch$v2599
=504  \\$aIncludes bibliographical references (p. 249-[251]) and indexes.
=600  \0$aCaffarelli, Gaetano Majorana$d1710-1783$1http://www.wikidata.org/entity/Q527738$913081
=648  \0$a18th Century (1701-1800)$1http://www.wikidata.org/entity/Q7015$920899
=650  \0$aCastrato$1http://www.wikidata.org/entity/Q210970$92704
=650  \0$aBiography$1http://www.wikidata.org/entity/Q36279$91927
=650  \0$aOpera$1http://www.wikidata.org/entity/Q1344$92468
=651  \0$aItaly$1http://www.wikidata.org/entity/Q38$922
=942  \\$cBOO
=952  \\$00$10$2ddc$40$6BIO_CAFF_D$70$8BIO$99921$aORPH$bORPH$cKTS1_P$d2020-07-08$eKoopman$i38E06$oBIO CAFF d$p20120396$r2021-01-12 00:00:00$w2021-01-12$yBOO
=999  \\$d9933

