=LDR  01113aam a2200241   4500
=001  9935
=008  250618s2000\\\\|||a||||\c|||\00|\0\dut\d
=020  \\$a9789040093753
=041  \\$adut
=245  \\$aNederlandse kunst in het Rijksmuseum $nvol. 1$p1400-1600
=260  \\$aAmsterdam$bRijksmuseum$aZwolle$bWaanders$c2000
=490  \\$aNederlandse kunst in het Rijksmuseum $v1
=648  \0$a15th Century (1401-1500)$1http://www.wikidata.org/entity/Q7018$921015
=648  \0$a16th Century (1501-1600)$1http://www.wikidata.org/entity/Q7017$920944
=650  \0$aFine art$1http://www.wikidata.org/entity/Q219625$921579
=651  \0$aNetherlands$1http://www.wikidata.org/entity/Q55$1http://www.wikidata.org/entity/Q29999$9173
=700  \\$aOs, H. van$4aut$913084
=700  \\$aFiledt Kok, J. P.$1http://www.wikidata.org/entity/Q55990723$4aut$914638
=700  \\$aLuijten, Ger$d1956-$4aut$923523
=700  \\$aScholten, F.$4aut$940422
=942  \\$cBOO
=952  \\$00$10$2ddc$40$6TOP_NL$70$8TOP$99923$aORPH$bORPH$cKTS0$d2020-07-08$eKoopman$i45G10$l0$oTOP NL$p20127556$r2021-01-12 00:00:00$w2021-01-12$yBOO$OKoopman
=999  \\$d9935

