=LDR  00755    a2200181   4500
=001  9937
=008  221007s2003\\\\nl\fa|||\||||\00|\0\dut\d
=041  \\$adut
=100  \\$aOs, J. F. van$4aut$913086
=245  \\$aOude Orgels in Oost-Gelderland
=260  \\$c2003$aElburg$bHistorisch Orgelmuseum Elburg
=300  \\$a218 pages
=650  \0$aOrgan$1http://www.wikidata.org/entity/Q1444$92810
=650  \0$aOrganology$1http://www.wikidata.org/entity/Q899293$921400
=651  \0$aGelderland (Netherlands)$1http://www.wikidata.org/entity/Q775$923129
=942  \\$cBOO
=952  \\$00$10$2ddc$40$6INS_3_000000000000000_1A_NL_GEL$70$8INS$99925$aORPH$bORPH$cKTS0$d2020-07-08$eKoopman$i34D01$l0$oINS3.1a NL.GEL$p20120872$r2021-01-12 00:00:00$w2021-01-12$yBOO$OKoopman
=999  \\$d9937

