=LDR  00824nam a2200205 a 4500
=001  9938
=005  20250120120006.0
=008  870624s1986\\\\gw\\\\\\\b\\\\000\0\ger\\
=020  \\$a3795717949
=040  \\$aOI
=100  \\$aOschmann, Susanne$913087
=245  10$aJan Dismas Zelenka :$bseine geistlichen italienischen Oratorien /$cSusanne Oschmann.
=260  \\$aMainz ;$aNew York :$bSchott,$cc1986.
=300  \\$a287 p. ;$c24 cm.
=504  \\$aBibliography: p. 278-287.
=600  \0$aZelenka, Jan Dismas$d1679-1745$1http://www.wikidata.org/entity/Q157777$915627
=650  \0$aOratorio$1http://www.wikidata.org/entity/Q85477$91825
=942  \\$cBOO
=952  \\$00$10$2ddc$40$6BIO_ZELE_E$70$8BIO$99926$aORPH$bORPH$cKTS1_P$d2020-07-08$eKoopman$i23B23$oBIO ZELE e$p20128536$r2021-01-12 00:00:00$w2021-01-12$yBOO$OKoopman
=999  \\$c9938$d9938

