=LDR  01087cam a22002291  4500
=001  9941
=005  20250611083059.0
=008  810211s1929\\\\gw\cfgh\\\\\\\001\0bger\\
=040  \\$aOI
=041  \\$ager
=100  \\$aOsthoff, Helmuth$d1896-1983$1http://www.wikidata.org/entity/Q1604435$4aut$921857
=245  00$aAdam Krieger (1634-1666).$bNeue Beiträge zur Geschichte des deutschen Liedes im 17. Jahrhundert
=260  \\$aLeipzig$bBreitkopf & Härtel$c1929
=300  \\$a107 pages$bportraits, plates, music, facsimiles$c27 cm
=600  \0$aKrieger, Adam$d1634-1666$1http://www.wikidata.org/entity/Q350221$925289
=648  \0$a17th Century (1601-1700)$1http://www.wikidata.org/entity/Q7016$920923
=650  \0$aComposer$1http://www.wikidata.org/entity/Q36834$93625
=650  \0$aSong$1http://www.wikidata.org/entity/Q7366$94164
=651  \0$aGermany$1http://www.wikidata.org/entity/Q183$9155
=942  \\$cBOO
=952  \\$00$10$2ddc$40$6BIO_KRIE_E$70$8BIO$99929$aORPH$bORPH$cKTS1_P$d2020-07-08$eKoopman$i25D03$l0$oBIO KRIE e$p20129283$r2021-01-12 00:00:00$w2021-01-12$yBOO$OKoopman
=999  \\$d9941

