=LDR  01175    a2200265   4500
=001  9942
=005  20250926134856.0
=008  210706e1984\\\\\\\||ld|\||||\00|\0\ger\d
=040  \\$aMB
=041  \\$ager
=100  \\$aBach, Johann Sebastian$d1685-1750$4cmp$1http://www.wikidata.org/entity/Q1339$94766
=245  \\$aKritischer Bericht: Kantaten zum 16. und 17. Sonntag nach Trinitatis
=260  \\$c1984$aGermany$bBärenreiter
=300  \\$a2 vols. (xii-366-[1]+208 pages)$bmusic
=336  \\$aprinted
=490  \\$aNeue Ausgabe Sämtlicher Werke$vSerie I: Kantaten 23
=648  \0$a18th Century (1701-1800)$1http://www.wikidata.org/entity/Q7015$920899
=650  \0$aLute$1http://www.wikidata.org/entity/Q180733$93944
=650  \0$aCantata$1http://www.wikidata.org/entity/Q174873$921603
=651  \0$aGermany$1http://www.wikidata.org/entity/Q183$9155
=700  \\$4edt$aOsthoff, Helmuth$d1896-1983$1http://www.wikidata.org/entity/Q1604435$921857
=700  \\$4edt$aHallmark, Rufus$921858
=942  \\$cSCO
=952  \\$00$10$2ddc$40$6SCO_BACH1$70$8SCO$99930$aORPH$bORPH$cKTS1_P$d2020-07-08$eKoopman$i29A01$l0$oSCO BACH1$p20123523$r2021-01-12 00:00:00$yTYPE_UNK
=999  \\$c9942$d9942

