=LDR  00365    a2200109   4500
=001  9943
=100  \\$aOsthoff, Wolfgang$916234
=245  \\$aMonteverdistudien 1
=260  \\$c1960
=942  \\$cBOO
=952  \\$00$10$2ddc$40$6BIO_MONT2_E$70$8BIO$99931$aORPH$bORPH$cKTS1_P$d2020-07-08$eKoopman$i31A28$l0$oBIO MONT2 e$p20121146$r2021-01-12 00:00:00$w2021-01-12$yBOO$OKoopman
=999  \\$c9943$d9943

