=LDR  00625aam a2200169   4500
=001  9944
=008  230213b\\\\\\\\|||o||||\||||\00|\0\und\d
=020  \\$a9788390734750
=100  \\$aOstrowski, J.$913094$4pht
=245  \\$aCracow
=260  \\$aKraków$bKier$cs.d.
=300  \\$a188 photographs
=650  \0$aPhotography$1http://www.wikidata.org/entity/Q11633$91982
=651  \0$aKraków (Poland)$1http://www.wikidata.org/entity/Q31487$924842
=942  \\$cBOO
=952  \\$00$10$2ddc$40$6TOP_PL_KRA$70$8TOP$99932$aORPH$bORPH$cKTS0$d2020-07-08$eKoopman$i21G08$l0$oTOP PL.KRA$p20125547$r2021-01-12 00:00:00$w2021-01-12$yBOO$OKoopman
=999  \\$d9944

