=LDR  00408    a2200109   4500
=001  9948
=100  \\$aOtten, Kees$d1924-2008$4aut$1http://www.wikidata.org/entity/Q3169469$913097
=245  \\$aBlijvend ongeschikt
=260  \\$c1976
=942  \\$cBOO
=952  \\$00$10$2ddc$40$6BIO_OTTE_A$70$8BIO$99936$aORPH$bORPH$cKTS1_P$d2020-07-08$eKoopman$l0$oBIO OTTE a$p20130064$r2021-01-12 00:00:00$w2021-01-12$yBOO$OThwaites
=999  \\$c9948$d9948

