=LDR  00958nam a2200253 a 4500
=001  9949
=003  BE-GnUNI
=005  20250120120539.0
=008  050823s2004\\\\ne\\\\\|r\\\\|000\||eng|d
=020  \\$a9004140611
=040  \\$aOI
=041  \\$aeng
=100  \\$aOtten, Willemien$4aut$923353
=245  10$aFrom Paradise to Paradigm:$bA Study of Twelfth-Century Humanism
=260  \\$aLeiden$bBrill$c2004
=300  \\$axv-330 pages
=490  0\$aBrill's Studies in Intellectual History$v127
=648  \0$aMiddle Ages (500-1400)$1http://www.wikidata.org/entity/Q12554$920964
=650  \0$aCuckoo$1http://www.wikidata.org/entity/Q18845$922474
=650  \0$aHumanism$1http://www.wikidata.org/entity/Q46158$92157
=650  \0$aPhilosophy$1http://www.wikidata.org/entity/Q5891$92357
=942  \\$cBOO
=952  \\$00$10$2ddc$40$6HUM_OTTE$70$8HUM$99937$aORPH$bORPH$cKM12_1$d2020-07-08$eKoopman$i30D28$oHUM OTTE$p20121176$r2021-01-12 00:00:00$w2021-01-12$yBOO
=999  \\$d9949

