=LDR  00402    a2200121   4500
=001  9951
=020  \\$a9783492182355
=100  \\$aOttenberg, Hans-Günter$d1947-$914575
=245  \\$aCarl Philipp Emanuel Bach
=260  \\$c1988
=942  \\$cBOO
=952  \\$00$10$2ddc$40$6BIO_BACH2_D$70$8BIO$99939$aORPH$bORPH$cKTS1_P$d2020-07-08$eKoopman$i31D33$oBIO BACH2 d$p20121049$r2021-01-12 00:00:00$w2021-01-12$yBOO
=999  \\$c9951$d9951

