=LDR  01112aam a2200229   4500
=001  9952
=005  20251001162312.0
=008  250303s1984\\\\|||g||||\b|||\001\0|ger\d
=041  \\$ager
=100  \\$aOttenberg, Hans-Günter$d1947-$914575$4aut$4edt
=245  \\$aDer critische Musicus an der Spree.$bBerliner Musikschrifttum von 1748 bis 1799. Eine Dokumentation.
=260  \\$c1984$aLeipzig$bReclam
=300  \\$a400 pages
=648  \0$a18th Century (1701-1800)$1http://www.wikidata.org/entity/Q7015$920899
=650  \0$aMusic philosophy and aesthetics$1http://www.wikidata.org/entity/Q2092865$921165
=650  \0$aMusic history$1http://www.wikidata.org/entity/Q846047$921373
=650  \0$aMusic theory$1http://www.wikidata.org/entity/Q193544$92662
=650  \0$aMusic criticism$1http://www.wikidata.org/entity/Q11748889$921598
=651  \0$aBerlin (Germany)$1http://www.wikidata.org/entity/Q64$948
=942  \\$cBOO
=952  \\$00$10$2ddc$40$6TOP_DE_BER_5_000000000000000$70$8TOP$99940$aORPH$bORPH$cKTS0$d2020-07-08$eKoopman$i38D17$l0$oTOP DE.BER 5$p20122392$r2021-01-12 00:00:00$w2021-01-12$yBOO$OKoopman
=999  \\$d9952

