=LDR  01078cam a2200241 a 4500
=001  9953
=005  20250120120140.0
=008  891026s1989\\\\ne\a\\\\\b\\\\001\0\dut\\
=020  \\$a9060116267 :$cfl 89.00
=040  \\$aOI
=041  0\$adut$beng
=100  \\$aOttenheym, Koen$913099
=245  10$aPhilips Vingboons (1607-1678), architect /$cKoen Ottenheym.
=260  \\$aZutphen :$bWalburg Pers,$cc1989.
=300  \\$a286 p. :$bill. (some col.) ;$c29 cm.
=504  \\$aIncludes bibliographical references (p. 271-282) and indexes.
=600  \0$aVingboons, Philips$d1607-1678$1http://www.wikidata.org/entity/Q2448752$913100
=650  \0$aArchitecture$1http://www.wikidata.org/entity/Q12271$93185
=700  \\$aVingboons, Philips$d1607-1678$1http://www.wikidata.org/entity/Q2448752$913100
=700  \\$aVingboons, Philips$d1607-1678$1http://www.wikidata.org/entity/Q2448752$913100
=942  \\$cBOO
=952  \\$00$10$2ddc$40$6BIO_VING_D$70$8BIO$99941$aORPH$bORPH$cKTS1_P$d2020-07-08$eKoopman$i21G10$oBIO VING d$p20125545$r2021-01-12 00:00:00$w2021-01-12$yBOO$OKoopman
=999  \\$c9953$d9953

