=LDR  01145nam a2200253 a 4500
=001  9954
=005  20250120115930.0
=008  951023s1995\\\\ne\a\\\\\b\\\\001\0\dut\\
=020  \\$a9071570525
=040  \\$aOI
=041  0\$adut$beng
=100  \\$aCampen, Jacob van$d1595-1657$1http://www.wikidata.org/entity/Q536951$913103
=245  00$aJacob van Campen :$bhet klassieke ideaal in de Gouden Eeuw /$conder redactie van Jacobine Huisken, Koen Ottenheym, Gary Schwartz.
=260  \\$aAmsterdam :$bArchitectura & Natura Pers :$bStichting Koninklijk Paleis te Amsterdam,$c1995.
=300  \\$a295 p. :$bill. (some col.) ;$c29 cm.
=546  \\$aSummary in English.
=504  \\$aIncludes bibliographical references (p. 267-279) and index.
=600  \0$aCampen, Jacob van$d1595-1657$1http://www.wikidata.org/entity/Q536951$913103
=700  \\$aHuisken, Jacobine E.$911734
=700  \\$aOttenheym, Koen$913099
=700  \\$aSchwartz, Gary$d1940-$913105
=942  \\$cBOO
=952  \\$00$10$2ddc$40$6BIO_CAMP_D$70$8BIO$99942$aORPH$bORPH$cKTS1_P$d2020-07-08$eKoopman$i28C8$oBIO CAMP d$p20121441$r2021-01-12 00:00:00$w2021-01-12$yBOO$OKoopman
=999  \\$c9954$d9954

