=LDR  01891aam a2200253   4500
=001  9956
=008  250122s1977\\\\||||||||\c|||\00|\0\eng\d
=041  \\$aeng
=100  \\$aOtto, C. A.$913107
=245  \\$aSeventeenth-century music from Kroměříž, Czechoslovakia:$bA catalog of the Liechtenstein Music Collection on microfilm at Syracuse University
=260  \\$c1977$aNew York$bSyracuse University Libraries
=300  \\$a209 pages
=500  \\$a(from the Introduction):
"The Liechtenstein Music Collection dates from the reign (1664-1695) of Karl Liechtenstein-Castelcorn as Prince-Bishop op Olomouc (Olmütz). It comprises one portion of the musical archives of the Collegiate Church of St. Maurice in Kromeriz (Kremsier), situated on the river Morava in the province of Moravia, Czechoslovakia".
from the Preface:
"This important source of seventeenth-century music, including works by many composers associated with the Imperial court of Leopold I at Vienna, for the first time is readily available to Western scholars."
=600  \0$aLiechtenstein-Castelcorn, Karl von$d1623-1695$911161
=600  \0$aLeopold I$cHoly Roman Emperor$d1640-1705$1http://www.wikidata.org/entity/Q150494$922858
=648  \0$a17th Century (1601-1700)$1http://www.wikidata.org/entity/Q7016$920923
=650  \0$aLibrary$1http://www.wikidata.org/entity/Q7075$94229
=650  \0$aMusic history$1http://www.wikidata.org/entity/Q846047$921373
=651  \0$aKroměříž (Czech Republic)$1http://www.wikidata.org/entity/Q158239$939551
=651  \0$aOlomouc (Czech Republic)$1http://www.wikidata.org/entity/Q81137$927325
=651  \0$aVienna (Austria)$1http://www.wikidata.org/entity/Q1741$920937
=942  \\$cBOO
=952  \\$00$10$2ddc$40$6BIB_4_000000000000000_CZ_KRO$70$8BIB$99944$aORPH$bORPH$cKTS0$d2020-07-08$eKoopman$i23D29$l0$oBIB4 CZ.KRO$p20128638$r2021-01-12 00:00:00$w2021-01-12$yBOO$OKoopman
=999  \\$d9956

