=LDR  01032aam a2200241   4500
=001  9957
=008  250513s1962\\\\|||o||||\b|||\001\0\dut\d
=041  \\$adut$hger
=100  \\$aOtto, Eberhard$d1913-1974$1http://www.wikidata.org/entity/Q96995$913108$4aut
=245  \\$aGeschiedenis van Egypte
=260  \\$c1962$aUtrecht$bAula
=300  \\$a300 pages
=534  \\$cStuttgart: Kohlhammer, 1958
=648  \0$aPast$1http://www.wikidata.org/entity/Q192630$922196
=650  \0$aHistory$1http://www.wikidata.org/entity/Q309$921403
=650  \0$aAncient Egypt$1http://www.wikidata.org/entity/Q11768$940208
=650  \0$aArcheology$1http://www.wikidata.org/entity/Q23498$94082
=651  \0$aEgypt$1http://www.wikidata.org/entity/Q79$968
=700  \\$aJelgersma, Titia$4trl$940207
=765  \\$aÄgypten, der Weg des Pharaonenreiches
=942  \\$cBOO
=952  \\$00$10$2ddc$40$6TOP_EG_0_000000000000000$70$8TOP$99945$aORPH$bORPH$cKTS0$d2020-07-08$eKoopman$i40F20$l0$oTOP EG 0$p20130279$r2021-01-12 00:00:00$w2021-01-12$yBOO$OKoopman
=999  \\$d9957

