=LDR  01208nam a2200265 a 4500
=001  9961
=005  20250121142125.0
=008  980320s1998\\\\gw\\\\\\\b\\\\001\0\ger\c
=040  \\$aOI
=041  \\$ager
=043  \\$ae-it---
=100  \\$aOver, Berthold$4aut$913112
=245  10$aPer la gloria di Dio:$bSolistische Kirchenmusik an den venezianischen Ospedali im 18. Jahrhundert
=260  \\$aBonn$bOrpheus$c1998
=300  \\$a487 pages$c24 cm
=490  1\$aOrpheus-Schriftenreihe zu Grundfragen der Musik$v91
=504  \\$aIncludes bibliographical references (p. 433-463) and indexes.
=610  \0$aOspedale di Santa Maria dei Derelitti (Venice, Italy)$1http://www.wikidata.org/entity/Q3668820$923058
=648  \0$a18th Century (1701-1800)$1http://www.wikidata.org/entity/Q7015$920899
=650  \0$aChurch music$1http://www.wikidata.org/entity/Q8812109$92283
=650  \0$aCatholicism$1http://www.wikidata.org/entity/Q1841$921631
=651  \0$aVenice (Italy)$1http://www.wikidata.org/entity/Q641$91
=942  \\$cBOO
=952  \\$00$10$2ddc$40$6TOP_IT_VEN1_5_000000000000000$70$8TOP$99949$aORPH$bORPH$cKTS0$d2020-07-08$eKoopman$i08F26$oTOP IT.VEN1 5$p20122329$r2021-01-12 00:00:00$w2021-01-12$yBOO
=999  \\$d9961

