=LDR  01020cam a2200241 a 4500
=001  9962
=005  20250120115941.0
=008  980916s1998\\\\ne\a\\\\\\\\\\001\0\dut\\
=020  \\$a9065501533
=040  \\$aOI
=100  \\$aOverbeke, Aernout van,$d1632-1674.$913113
=240  10$9304$aCorrespondence.$kSelections
=245  10$aBuyten gaets :$btwee burleske reisbrieven van Aernout van Overbeke /$c[gepresenteerd en ingeleid] door Marijke Barend-van Haeften en Arie Jan Gelderblom.
=260  \\$aHilversum :$bVerloren,$c1998.
=300  \\$a125 p. :$bill. ;$c22 cm.
=504  \\$aIncludes bibliographical references (p. 117-121) and index.
=600  \0$aOverbeke, Aernout van,$d1632-1674$913114
=700  \\$aBarend-van Haeften, Marijke$99389
=700  \\$aGelderblom, Arie-Jan$913115
=942  \\$cBOO
=952  \\$00$10$2ddc$40$6BIO_OVER_A$70$8BIO$99950$aORPH$bORPH$cKTS1_P$d2020-07-08$eKoopman$i33G13$oBIO OVER a$p20122696$r2021-01-12 00:00:00$w2021-01-12$yBOO$OKoopman
=999  \\$c9962$d9962
=490  \\$aEgodocumenten ;$vd. 15

