=LDR  00382    a2200109   4500
=001  9963
=100  \\$aOvidius$d43 BC-17$1http://www.wikidata.org/entity/Q7198$95683
=245  \\$aLiebeskunst
=260  \\$c1964
=942  \\$cBOO
=952  \\$00$10$2ddc$40$6LIT_OVID_A$70$8LIT$99951$aORPH$bORPH$cKM12_2_H$d2020-07-08$eKoopman$i40F07$oLIT OVID a$p20122264$r2021-01-12 00:00:00$w2021-01-12$yBOO
=999  \\$c9963$d9963

