=LDR  00873aam a2200205   4500
=001  9967
=008  240102s1949\\\\|||a||||\||||\00|\0\dut\d
=041  \\$adut
=100  \\$aOzinga, M.D.$4aut$913121
=245  \\$aDe romaanse kerkelijke bouwkunst
=260  \\$aAmsterdam$bContact$c1949
=300  \\$a143 pages$b124 photographs
=490  \\$aDe schoonheid van ons land$vBouwkunst
=648  \0$aMiddle Ages (500-1400)$1http://www.wikidata.org/entity/Q12554$920964
=650  \0$aArchitecture$1http://www.wikidata.org/entity/Q12271$93185
=651  \0$aNetherlands$1http://www.wikidata.org/entity/Q55$9173
=700  \\$aSibbelee, Hans$d1915-2003$4pht$926903
=942  \\$cBOO
=952  \\$00$10$2ddc$40$6VIS_OZINTOP_NL_3_000000000000000$70$8VIS$99955$aORPH$bORPH$cKTS1_H$d2020-07-08$eKoopman$i34C05$l0$oVIS OZIN-->TOP NL 3$p20122584$r2021-01-12 00:00:00$w2021-01-12$yBOO$OKoopman
=999  \\$d9967

