=LDR  01014aam a2200229   4500
=001  9968
=008  240102s1953\\\\|||a||||\||||\00|\0\dut\d
=041  \\$adut
=100  \\$aOzinga, M.D.$4aut$913121
=245  \\$aDe gotische kerkelijke bouwkunst
=260  \\$aAmsterdam$bContact$c1953
=300  \\$a143 pages, 124 plates
=490  \\$aDe schoonheid van ons land$vBouwkunst
=648  \0$aMiddle Ages (500-1400)$1http://www.wikidata.org/entity/Q12554$920964
=650  \0$aArchitecture$1http://www.wikidata.org/entity/Q12271$93185
=650  \0$aGothic style$1http://www.wikidata.org/entity/Q11303546$922843
=650  \0$aChurch$1http://www.wikidata.org/entity/Q16970$93776
=651  \0$aNetherlands$1http://www.wikidata.org/entity/Q55$9173
=700  \\$aSibbelee, Hans$d1915-2003$4pht$926903
=942  \\$cBOO
=952  \\$00$10$2ddc$40$6VIS_OZINTOP_NL_3_000000000000000$70$8VIS$99956$aORPH$bORPH$cKTS1_H$d2020-07-08$eKoopman$i34C06$l0$oVIS OZIN-->TOP NL 3$p20122583$r2021-01-12 00:00:00$w2021-01-12$yBOO$OKoopman
=999  \\$d9968

