=LDR  01337aam a2200253   4500
=001  9969
=005  20250925143258.0
=008  240607s1975\\\\||||||||\||||\00|\0\dut\d
=041  \\$adut
=100  \\$aPaap, Wouter$c1908-1981$1http://www.wikidata.org/entity/Q1966898$4aut$913122
=245  \\$a100 jaar muziekonderwijs in Utrecht
=260  \\$aUtrecht$bs.n.$c1975
=561  \\$aEx libris Willem Noske (manuscript)
=590  \\$aGedenkschrift bij de viering van het eeuwfeest van het Utrechts Conservatorium en de Gemeentelijke Muziekschool Utrecht (1875-1975)
=610  \0$aUniversiteit Utrecht (Netherlands)$1http://www.wikidata.org/entity/Q221653$923566
=648  \0$a19th Century (1801-1900)$1http://www.wikidata.org/entity/Q6955$920935
=648  \0$a20th Century (1901-2000)$1http://www.wikidata.org/entity/Q6927$920936
=650  \0$aMusic education$1http://www.wikidata.org/entity/Q27908$921766
=650  \0$aConservatory$1http://www.wikidata.org/entity/Q184644$926197
=650  \0$aMusicology$1http://www.wikidata.org/entity/Q164204$93925
=651  \0$aUtrecht (Netherlands)$1http://www.wikidata.org/entity/Q803$9141
=942  \\$cBOO
=952  \\$00$10$2ddc$40$6TOP_NL_UTR_6_000000000000000$70$8TOP$99957$aORPH$bORPH$cKTS0$d2020-07-08$eKoopman$i31D16$l0$oTOP NL.UTR 6$p20121070$r2021-01-12 00:00:00$w2021-01-12$yBOO$OKoopman
=999  \\$d9969

