=LDR  01075aam a2200205   4500
=001  9970
=008  210830s1957\\\\\\\|||||\e|||\00|\0\dut\d
=041  \\$adut
=100  \\$aBottenheim, S. A. M.$d1880-1957$4aut$1http://www.wikidata.org/entity/Q27825733$99835
=245  \\$aPrisma encyclopedie der muziek
=260  \\$aAntwerp$bElsevier$c1957
=300  \\$a2 volumes (203+199 pages)
=650  \0$aEncyclopedia$1http://www.wikidata.org/entity/Q5292$92184
=650  \0$aMusic history$1http://www.wikidata.org/entity/Q846047$921373
=650  \0$aMusic theory$1http://www.wikidata.org/entity/Q193544$92662
=700  \\$aPaap, Wouter$c1908-1981$4aut$1http://www.wikidata.org/entity/Q1966898$913122
=942  \\$cBOO
=952  \\$00$10$2ddc$3vol. 1  (a-l)$40$6REF_1_000000000000000$70$8REF$99958$aORPH$bORPH$cKM12_1$d2020-07-08$eKoopman$i32G41-1$oREF1$p20134058$r2021-01-12 00:00:00$w2021-01-12$yBOO
=952  \\$00$10$2ddc$3vol. 2 (m-z)$40$6REF_1_000000000000000$70$8REF$920496$aORPH$bORPH$cKM12_1$d2020-07-08$eKoopman$i32G41-2$oREF1$p20134059$r2021-08-30 00:00:00$w2021-01-12$yBOO
=999  \\$d9970

