=LDR  01203cam a2200277 a 4500
=001  9972
=005  20250121142125.0
=008  961016s1996\\\\ne\a\\\\\b\\\\000\0adut\\
=020  \\$a906550141X
=040  \\$aOI
=050  00$aPT5677.P15$bM55 1996
=100  \\$aPaape, Gerrit$d1752-1803$4aut$1http://www.wikidata.org/entity/Q2275893$925693
=245  10$aMijne vrolijke wijsgeerte in mijne ballingschap
=260  \\$aHilversum$bVerloren$c1996
=300  \\$a159 pages$billustrations$c22 cm
=490  \\$aEgodocumenten$v11
=504  \\$aIncludes bibliographical references (p. 156-159).
=590  \\$aGerrit Paape ; ingeleid en van aantekeningen voorzien door Peter Altena
=648  \0$a18th Century (1701-1800)$1http://www.wikidata.org/entity/Q7015$920899
=650  \0$aWriter$1http://www.wikidata.org/entity/Q36180$93885
=650  \0$aBiography$1http://www.wikidata.org/entity/Q36279$91927
=651  \0$aNetherlands$1http://www.wikidata.org/entity/Q55$9173
=700  \\$aAltena, Peter$d1956-$4edt$915005
=942  \\$cBOO
=952  \\$00$10$2ddc$40$6BIO_PAAP_A$70$8BIO$99960$aORPH$bORPH$cKTS1_P$d2020-07-08$eKoopman$i42F24$l0$oBIO PAAP a$p20121991$r2021-01-12 00:00:00$w2021-01-12$yBOO$OKoopman
=999  \\$d9972

