=LDR  01433cam a22003131  4500
=001  9973
=005  20250218163405.0
=008  790907s1974\\\\ne\a\\\\\b\\\\001\0bdut\\
=020  \\$a9061850517 :$cfl 7.80
=040  \\$aOI
=041  \\$adut
=100  \\$aPaasman, A. N.$4aut$924928
=245  00$aElisabeth Maria Post (1755-1812):$been bio-bibliografisch onderzoek
=260  \\$a[Amsterdam]$bThespa$c[1974]
=300  \\$a188 pages$billustrations$c17 cm
=490  0\$aAmsterdamse smaldelen$v2
=504  \\$aBibliography of works by and about E. M. Post: p. 111-122.
=504  \\$aIncludes bibliographical references and index.
=600  \0$aPost, Elisabeth Maria$d1755-1812$1http://www.wikidata.org/entity/Q2046293$95273
=648  \0$a18th Century (1701-1800)$1http://www.wikidata.org/entity/Q7015$920899
=648  \0$a19th Century (1801-1900)$1http://www.wikidata.org/entity/Q6955$920935
=650  \0$aWriter$1http://www.wikidata.org/entity/Q36180$93885
=650  \0$aPoet$1http://www.wikidata.org/entity/Q49757$92954
=650  \0$aBiography$1http://www.wikidata.org/entity/Q36279$91927
=650  \0$aBibliography$1http://www.wikidata.org/entity/Q134995$93965
=651  \0$aNetherlands$1http://www.wikidata.org/entity/Q55$9173
=942  \\$cBOO
=952  \\$00$10$2ddc$40$6BIO_POST_D$70$8BIO$99961$aORPH$bORPH$cKTS1_P$d2020-07-08$eKoopman$i22F32$l0$oBIO POST d$p20128830$r2021-01-12 00:00:00$w2021-01-12$yBOO$OKoopman
=999  \\$d9973

