=LDR  00830aam a2200181   4500
=001  9974
=008  220914s1971\\\\||||||||\||||\00|\0bdut\d
=041  \\$adut
=100  \\$aPaasman, Bert$4aut$911330
=245  \\$aJ. F. Martinet:$been Zutphens filosoof in de achttiende eeuw
=260  \\$aZutphen$bVan Someren$c1971
=600  \0$aMartinet, Jan Floris$d1729-1795$1http://www.wikidata.org/entity/Q1826583$95561
=648  \0$a18th Century (1701-1800)$1http://www.wikidata.org/entity/Q7015$920899
=650  \0$aWriter$1http://www.wikidata.org/entity/Q36180$93885
=651  \0$aZutphen (Netherlands)$1http://www.wikidata.org/entity/Q109535$924930
=942  \\$cBOO
=952  \\$00$10$2ddc$40$6BIO_MART3_D$70$8BIO$99962$aORPH$bORPH$cKTS1_P$d2020-07-08$eKoopman$i21D59$l0$oBIO MART3 d$p20128245$r2021-01-12 00:00:00$w2021-01-12$yBOO$OKoopman
=999  \\$d9974

