=LDR  00925aam a2200205   4500
=001  9992
=008  230428s1987\\\\||||||||\||||\00|\0\eng\d
=020  \\$a0460046071
=041  \\$aeng
=100  \\$aPage, C.$913145$4aut
=245  \\$aVoices and Instruments of the Middle Ages:$bInstrumental Practice and Songs in France 1100-1300
=260  \\$aLondon$aMelbourne$bDent$c1987
=648  \0$1http://www.wikidata.org/entity/Q12554$aMiddle Ages (500-1400)$920964
=650  \0$aOrganology$1http://www.wikidata.org/entity/Q899293$921400
=650  \0$aInstrumental music$1http://www.wikidata.org/entity/Q639197$92106
=650  \0$aSong$1http://www.wikidata.org/entity/Q7366$94164
=651  \0$1http://www.wikidata.org/entity/Q142$aFrance$9131
=942  \\$cBOO
=952  \\$00$10$2ddc$40$6TOP_FR_3_000000000000000$70$8TOP$99980$aORPH$bORPH$cKTS0$d2020-07-08$eKoopman$i23F14$l0$oTOP FR 3$p20128904$r2021-01-12 00:00:00$w2021-01-12$yBOO
=999  \\$d9992

