=LDR  00840    a2200193   4500
=001  9994
=008  220413s1962\\\\gw\af|||\||||\00|\0\ger\d
=041  \\$ager
=100  \\$aPalandt, Ernst$4aft$913147
=245  \\$aHildesheimer Orgelchronik.$bAls Tätigkeitsbericht zum 25- bzw. 140 jährigen Bestehen der Hildesheimer Orgelbauwerkstatt
=260  \\$c1962$aKassel$bBärenreiter
=300  \\$a44 pages
=336  \\$aprinted
=650  \0$aOrgan$1http://www.wikidata.org/entity/Q1444$92810
=650  \0$aOrganology$1http://www.wikidata.org/entity/Q899293$921400
=651  \0$aHildesheim (Germany)$1http://www.wikidata.org/entity/Q3185$923921
=942  \\$cBOO
=952  \\$00$10$2ddc$40$6INS_3_000000000000000_1B_DE_HIL$70$8INS$99982$aORPH$bORPH$cKTS0$d2020-07-08$eKoopman$i31D04-a$oINS3.1b DE.HIL$p20121084$r2021-01-12 00:00:00$w2021-01-12$yBOO
=999  \\$d9994

