=LDR  01243cam a2200277 i 4500
=001  9997
=005  20250925143258.0
=008  121207s2012\\\\gw\\\\\\\b\\\\001\0bger\\
=020  \\$a9783761822722 (hd. bd.)
=024  3\$a9783761822722
=040  \\$aOI$beng$erda
=100  \\$aPalézieux, Nikolaus de$4aut$913148
=245  10$aPionier der Alten Musik:$bHans Eberhard Hoesch und die Kabeler Kammermusik
=260  \\$aKassel$bBärenreiter$c2012
=300  \\$a155 pages$c24 cm
=504  \\$aIncludes bibliographical references and index.
=600  \0$aHoesch, Hans Eberhard$d1891-1972$913149
=648  \0$a20th Century (1901-2000)$1http://www.wikidata.org/entity/Q6927$920936
=650  \0$aEarly music$1http://www.wikidata.org/entity/Q436016$93160
=650  \0$aHistorically informed performance$1http://www.wikidata.org/entity/Q1344860$920980
=650  \0$aMusician$1http://www.wikidata.org/entity/Q639669$93574
=650  \0$aCollecting$1http://www.wikidata.org/entity/Q208165$92117
=651  \0$aGermany$1http://www.wikidata.org/entity/Q183$9155
=942  \\$cBOO
=952  \\$00$10$2ddc$40$6BIO_HOES_E$70$8BIO$99985$aORPH$bORPH$cKTS1_P$d2020-07-08$eKoopman$i45A26$oBIO HOES e$p20127422$r2021-01-12 00:00:00$w2021-01-12$yBOO$OKoopman
=999  \\$d9997

