=LDR  02164cam a2200301 a 4500
=001  9998
=005  20250120120201.0
=008  880204s1989\\\\ctugh\\\\b\\\\001\0\eng\\
=020  \\$a0300039166 (alk. paper)
=040  \\$aOI
=041  0\$aeng
=100  \\$4edt$aPalisca, Claude V.$d1921-2001$1http://www.wikidata.org/entity/Q3313135$913150
=245  04$aThe Florentine Camerata:$bDocumentary Studies and Translations
=260  \\$aNew Haven, CT$bYale University Press$c1989
=300  \\$avi, 234 p. :$bfacsims., music ;$c26 cm.
=490  \\$aMusic Theory Translation Series
=504  \\$aIncludes bibliographical references and index.
=505  0\$aThe Florentine Camerata -- The proem on Plutarch's Musica to Titus Pyrrhinus / by Carlo Valgulio -- The letter to Vincenzo Galilei of 8 May 1572 / from Girolamo Mei -- The Discourse addressed to Giulio Caccini, called the Roman, on ancient music and good singing / by Giovanni Bardi -- The discourse on how tragedy should be performed / by Giovanni Bardi(?) -- Three scientific essays. Discourse concerning the various opinions that the three most famous sects of ancient musicians had concerning the matter of sounds and tunings ; A special discourse concerning the diversity of the ratios of the diapason ; A special discourse concerning the unison / by Vincenzo Galiliei -- The prescriptions for intermedi / by Giovanni Battista Strozzi the Younger.
=610  \0$aCamerata de' Bardi (Florence, Italy)$1http://www.wikidata.org/entity/Q465592$921797
=648  \0$a16th Century (1501-1600)$1http://www.wikidata.org/entity/Q7017$920944
=648  \0$a17th Century (1601-1700)$1http://www.wikidata.org/entity/Q7016$920923
=650  \0$aMusic theory$1http://www.wikidata.org/entity/Q193544$92662
=650  \0$aRecitative$1http://www.wikidata.org/entity/Q202534$93699
=650  \0$aOpera$1http://www.wikidata.org/entity/Q1344$92468
=650  \0$aHumanism$1http://www.wikidata.org/entity/Q46158$92157
=942  \\$cBOO
=952  \\$00$10$2ddc$40$6TOP_IT_FLO_4_000000000000000$70$8TOP$99986$aORPH$bORPH$cKTS0$d2020-07-08$eKoopman$i19E14$l0$oTOP IT.FLO 4$p20127807$r2021-01-12 00:00:00$w2021-01-12$yBOO
=999  \\$c9998$d9998

