=LDR  01046aam a2200241   4500
=001  10002
=005  20250925143258.0
=008  231030s1993\\\\-usaf|||\||||\00|\0\eng\d
=020  \\$a9780253208408
=041  \\$aeng
=100  \\$aPalmer, Larry$913152$4aut
=245  \\$aHarpsichord in America:$bA Twentieth-Century Revival
=260  \\$aBloomington, IN$bIndiana University Press$c1989
=300  \\$a203 pages
=648  \0$a20th Century (1901-2000)$1http://www.wikidata.org/entity/Q6927$920936
=650  \0$aOrgan$1http://www.wikidata.org/entity/Q1444$92810
=650  \0$aOrganology$1http://www.wikidata.org/entity/Q899293$921400
=650  \0$aMusic history$1http://www.wikidata.org/entity/Q846047$921373
=650  \0$aEarly music$1http://www.wikidata.org/entity/Q436016$93160
=651  \0$aUSA$1http://www.wikidata.org/entity/Q30$943
=942  \\$cBOO
=952  \\$00$10$2ddc$40$6INS_3_000000000000000_2A_US$70$8INS$99990$aORPH$bORPH$cKTS0$d2020-07-08$eKoopman$i33D15$l0$oINS3.2a US$p20122734$r2021-01-12 00:00:00$w2021-01-12$yBOO$OKoopman
=999  \\$d10002

