=LDR  00934aam a2200229   4500
=001  10003
=005  20251011212035.0
=008  211222s1963\\\\\\\|||||\||||\00|\0\dut\d
=041  \\$adut$heng
=100  \\$aPalmer, Leonard R.$4aut$913153
=245  \\$aDe Aegeïsche wereld$bvolgens het oudste Griekse schrift
=260  \\$aUtrecht$aAntwerp$bAula$c1963
=300  \\$a288 pages
=534  \\$cLondon: Faber and Faber, 1961
=648  \0$aClassical Antiquity (8th Century BC-6th Century AD)$1http://www.wikidata.org/entity/Q486761$921435
=650  \0$aHistory$1http://www.wikidata.org/entity/Q309$921403
=651  \0$aAthens (Greece)$1http://www.wikidata.org/entity/Q1524$927144
=700  \\$4trl$aJanson, K. J. A.$923309
=765  \\$aMycenaeans and Minoans
=942  \\$cBOO
=952  \\$00$10$2ddc$40$6HUM_PALM$70$8HUM$99991$aORPH$bORPH$cLOC_UNK$d2020-07-08$eKoopman$i40F21$oHUM PALM$p20130280$r2021-01-12 00:00:00$w2021-01-12$yBOO
=999  \\$d10003

