=LDR  00842nam a2200217 a 4500
=001  10004
=008  850307s1980\\\\-uka\\\\\b\\\\001\0\eng\\
=020  \\$a0715378880
=041  \\$aeng
=100  \\$aPalmer, Susann$913154$4aut
=245  14$aThe Hurdy-gurdy
=260  \\$aLondon$aNorth Pomfret, Vt. $bDavid & Charles$c1980
=300  \\$a256 pages$bill. ;$c24 cm
=500  \\$aIncludes index.
=504  \\$aBibliography: p. 245-248.
=650  \0$aHurdy-gurdy$1http://www.wikidata.org/entity/Q207821$93534
=650  \0$aVielle$1http://www.wikidata.org/entity/Q843679$922318
=650  \0$aMethod$1http://www.wikidata.org/entity/Q2250960$921402
=942  \\$cBOO
=952  \\$00$10$2ddc$40$6INS_4_000000000000000_6A$70$8INS$99992$aORPH$bORPH$cKTS0$d2020-07-08$eKoopman$i21B59$l0$oINS4.6a$p20128383$r2021-01-12 00:00:00$w2021-01-12$yBOO$OKoopman
=999  \\$d10004

