=LDR  00938aam a2200193   4500
=001  10005
=008  250203s1969\\\\||||||||\||||\00|\0\ita\d
=041  \\$aita
=100  \\$aPancino, P.$913156
=245  \\$aVenezia, S. Maria della Consolazione detta 'Della Fava' già sede della congregazione di S. Filippo Neri
=260  \\$aMilan$bIstituto Editoriale Italiano$c1969
=490  \\$aBibliotheca Musicæ - Collana di Cataloghi e Bibliografie$vVI
=610  \0$aSanta Maria della Fava (Venice, Italy)$1http://www.wikidata.org/entity/Q3585434$939631
=650  \0$aChurch$1http://www.wikidata.org/entity/Q16970$93776
=650  \0$aOratorio$1http://www.wikidata.org/entity/Q85477$91825
=651  \0$aVenice (Italy)$1http://www.wikidata.org/entity/Q641$91
=942  \\$cBOO
=952  \\$00$10$2ddc$40$6TOP_IT_VEN1$70$8TOP$99993$aORPH$bORPH$cKTS0$d2020-07-08$eKoopman$i42F03$l0$oTOP IT.VEN1$p20122011$r2021-01-12 00:00:00$w2021-01-12$yBOO$OKoopman
=999  \\$d10005

