=LDR  01186aam a2200241   4500
=001  10006
=008  240408s1991\\\\|||g||||\m|||\00|\0beng\d
=041  \\$aeng
=100  \\$aPanetta, V. J.$913157$4aut
=245  \\$aHans Leo Hassler and the Keyboard Toccata:$bAntecedents, Sources, Style
=260  \\$aAnn Arbor, MI$bUMI Research Press$c1991
=500  \\$aDissertation
=561  \\$aHandwritten dedication from the author to Gustav Leonhardt
=600  \0$aHaßler, Hans Leo$d1564-1612$1http://www.wikidata.org/entity/Q164882$96033
=648  \0$a16th Century (1501-1600)$1http://www.wikidata.org/entity/Q7017$920944
=648  \0$a17th Century (1601-1700)$1http://www.wikidata.org/entity/Q7016$920923
=650  \0$aToccata$1http://www.wikidata.org/entity/Q140544$923527
=650  \0$aMusical style$1http://www.wikidata.org/entity/Q11921029$92421
=650  \0$aKeyboard music$1http://www.wikidata.org/entity/Q105715630$921412
=651  \0$aGermany$1http://www.wikidata.org/entity/Q183$9155
=942  \\$cBOO
=952  \\$00$10$2ddc$40$6BIO_HASS1_B$70$8BIO$99994$aORPH$bORPH$cKTS1_P$d2020-07-08$eKoopman$i44E59$l0$oBIO HASS1 b$p20126539$r2021-01-12 00:00:00$w2021-01-12$yBOO$OKoopman
=999  \\$d10006

