=LDR  01597cam a2200277 a 4500
=001  10007
=005  20250120120414.0
=008  100329s2009\\\\it\agh\\\b\\\\001\0\ita\d
=020  \\$a9788822258861
=040  \\$aOI
=041  \\$aita
=100  \\$aPangrazi, Tiziana$4aut$913158
=245  13$aLa Musurgia universalis di Athanasius Kircher:$bContenuti, fonti, terminologia
=260  \\$aFlorence$bOlschki$c2009
=300  \\$axxiv-206 pages$billustrations, facsimiles, music$c24 cm
=490  0\$aLe corrispondenze letterarie, scientifiche ed erudite dal Rinascimento all'età moderna. Subsidia$v11
=504  \\$aIncludes bibliographic references (183-196) and index.
=505  0\$gCapitolo I. Il grande libro della Musurgia Universalis -- Capitolo II. Il suono, l'orecchio e la voce -- Capitolo III. Momenti di "storia della musica" nella Musurgia Universalis -- Capitolo IV. "Natura scientifica" della musica nella Musurgia Universalis -- Capitolo V. L'arte del comporre : luogo di incontro tra antiche e moderni.
=600  \0$aKircher, Athanasius$d1602-1680$1http://www.wikidata.org/entity/Q76738$97040
=610  \0$aJesuits$1http://www.wikidata.org/entity/Q36380$921140
=648  \0$a17th Century (1601-1700)$1http://www.wikidata.org/entity/Q7016$920923
=650  \0$aMusic theory$1http://www.wikidata.org/entity/Q193544$92662
=651  \0$aRome (Italy)$1http://www.wikidata.org/entity/Q220$949
=942  \\$cBOO
=952  \\$00$10$2ddc$40$6BIO_KIRC_E$70$8BIO$99995$aORPH$bORPH$cKTS1_P$d2020-07-08$eKoopman$i44B16$l0$oBIO KIRC e$p20126696$r2021-01-12 00:00:00$w2021-01-12$yBOO$OKoopman
=999  \\$d10007

