=LDR  01228cam a22002298i 4500
=001  10015
=008  200416s2021\\\\gw\af\\\o\\\\\000\1\mul\\
=041  \\$ager$deng
=100  \\$aPape, Uwe$d1936-$4edt$913171
=245  10$aThe Tracker Organ Revival in America
=246  \1$aDie Orgelbewegung in Amerika
=263  \\$a2101
=264  \1$aBoston$bHoughton Mifflin Harcourt$c2021
=520  \\$a195 Dispositionen, Werkverzeichnisse von 99 Orgelbauern, Lebensläufe von 81 Orgelbauern. Mit einem Vorwort von H. J. Busch und Beiträgen von E. P. Biggs, G. Bozeman, J. Fesperman, C.B. Fisk, J. von Glatter-Götz, J. Lauder, R. Redman, H. Wolff u.a.
=588  \\$aDescription based on print version record and CIP data provided by publisher; resource not viewed.
=650  \0$aOrgan$1http://www.wikidata.org/entity/Q1444$92810
=650  \0$aOrgan registration$1http://www.wikidata.org/entity/Q7309439$923402
=650  \0$aOrganology$1http://www.wikidata.org/entity/Q899293$921400
=651  \0$aUSA$1http://www.wikidata.org/entity/Q30$943
=942  \\$cBOO
=952  \\$00$10$2ddc$40$6INS_3_000000000000000_1A_US$70$8INS$910003$aORPH$bORPH$cKTS0$d2020-07-08$eKoopman$i42G21$oINS3.1a US$p20120027$r2021-01-12 00:00:00$w2021-01-12$yBOO
=999  \\$d10015

