=LDR  01366cam a22002654a 4500
=001  10016
=008  010928s2001\\\\gw\ah\\\\b\\\l000\0dger\c
=041  0\$ager$aeng
=245  14$aDas Werkstattbuch des Orgelbauers Christian Vater
=260  \\$aBerlin $bPape Verlag $aHannover$bSelbstverlag des Stadtarchivs Hannover$c2001
=300  \\$a107 pages$bcol. ill., facsims.$c37 cm
=490  1\$aQuellen zur Geschichte der Stadt Hannover$vHeft 1
=500  \\$aReproduced from ms. in the Stadtarchiv Hannover.
=504  \\$aIncludes bibliographical references (p. 107).
=546  \\$aText in German; commentary in German and English.
=600  \0$aVater, Christian$d1679-1756$vNotebooks, sketchbooks, etc.$1http://www.wikidata.org/entity/Q126926$924982
=648  \0$1http://www.wikidata.org/entity/Q7015$a18th Century (1701-1800)$920899
=650  \0$aOrgan$xConstruction$zGermany$zHannover.$1http://www.wikidata.org/entity/Q1444$92810
=650  \0$aOrganology$1http://www.wikidata.org/entity/Q899293$921400
=651  \0$aGermany$1http://www.wikidata.org/entity/Q183$9155
=700  \\$aPape, Uwe$d1936-$4edt$913171
=700  \\$aPeeters, Paul$4win$925280
=942  \\$cBOO
=952  \\$00$10$2ddc$40$6INS_3_000000000000000_1B_VATE$70$8INS$910004$aORPH$bORPH$cKTS0$d2020-07-08$eKoopman$i21A14$l0$oINS3.1b VATE$p20128340$r2021-01-12 00:00:00$w2021-01-12$yBOO$OKoopman
=999  \\$d10016

