=LDR  01284cam a22002654a 4500
=001  10017
=008  050718s2005\\\\gw\a\\\\\b\\\\001\0dger\\
=020  \\$a3921140684
=040  \\$aOI
=100  \\$aPape, Uwe$d1936-$913171
=245  14$aDie Orgelbauerfamilie Papenius und ihre Schüler /$cvon Uwe Pape und Alfred Schirge.
=260  \\$aBerlin :$bPape,$c[2005]
=300  \\$a220 p. :$bcol. ill. ;$c30 cm.
=490  1\$aNorddeutsche Orgelbauer und ihre Werke ;$aMonographien zur Orgeldokumentation ;$vBd. 3$vBd. 8
=500  \\$a"Georg Benedikt Papenius, Johann Georg Papenius, Johann Adolarius Papenius, Johann Christoph Wiedemann, Johann Michael Schlesier, Christoph Jesse"--Cover.
=504  \\$aIncludes bibliographical references (p. [203]-209) and indexes.
=600  \0$aPapenius, Georg Benedikt$d?-1709$913168
=610  \0$aPapenius family$922342
=650  \0$aOrgan$1http://www.wikidata.org/entity/Q1444$92810
=650  \0$aOrgan$1http://www.wikidata.org/entity/Q1444$92810
=651  \0$aGermany$1http://www.wikidata.org/entity/Q183$9155
=700  \\$aSchirge, Alfred$913169
=942  \\$cBOO
=952  \\$00$10$2ddc$40$6INS_3_100000000000000_A_DE$70$8INS$910005$aORPH$bORPH$cKTS0$d2020-07-08$eKoopman$i24G65$oINS3.1 a DE$p20129291$r2021-01-12 00:00:00$w2021-01-12$yBOO
=999  \\$d10017

