=LDR  00773    a2200193   4500
=001  10019
=008  220323s2''5\\\\gw\a||||\||||\00|\0\ger\d
=041  \\$ager
=100  \\$aPape, Uwe$d1936-$4aut$913171
=245  \\$aDie historische Orgel in der Ev.-luth. Kirche St. Georg zu Calvörde
=260  \\$c2005$aBerlin$bPape Verlag
=300  \\$a38 pages
=336  \\$aprinted
=650  \0$aOrganology$1http://www.wikidata.org/entity/Q899293$921400
=650  \0$aOrgan$1http://www.wikidata.org/entity/Q1444$92810
=651  \0$aGermany$1http://www.wikidata.org/entity/Q183$9155
=942  \\$cBOO
=952  \\$00$10$2ddc$40$6INS_3_100000000000000_E_DE_CAL$70$8INS$910007$aORPH$bORPH$cKTS0$d2020-07-08$eKoopman$i42G16$oINS3.1 e DE.CAL$p20120032$r2021-01-12 00:00:00$w2021-01-12$yBOO
=999  \\$d10019

