=LDR  01452cam a2200337 i 4500
=001  10020
=008  170111s2016\\\\gw\ac\\\\bc\\\001\0dger\d
=042  \\$alccopycat
=043  \\$ae-gx---
=100  \\$aPape, Uwe$d1936-$4aut$913171
=245  10$aOrgeln und Orgelbauer in Braunschweig 
=250  \\$a2., wesentlich erweiterte Auflage.
=264  \1$aBerlin $bPape Verlag Berlin$c2016
=264  \4$c2016
=300  \\$a651 pages $billustrations (chiefly color) $c27 cm
=336  \\$atext$btxt$2rdacontent
=336  \\$astill image$bsti$2rdacontent
=337  \\$aunmediated$bn$2rdamedia
=338  \\$avolume$bnc$2rdacarrier
=490  1\$aNorddeutsche Orgeln ;$vBand 2
=490  1\$aMonographien zur Orgeldokumentation ;$vBand 17
=490  1\$aVeröffentlichung der Gesellschaft der Orgelfreunde ;$v278
=490  1\$aVeröffentlichung der Internationalen Arbeitsgemeinschaft für Orgeldokumentation ;$v17
=504  \\$aIncludes bibliographical references (pages 603-625) and indexes.
=650  \0$aOrgan$1http://www.wikidata.org/entity/Q1444$92810
=650  \0$aMusic history$1http://www.wikidata.org/entity/Q846047$921373
=651  \0$aGermany$1http://www.wikidata.org/entity/Q183$9155
=700  \\$aWeihmann, Jochen$d-1949$913172
=942  \\$cBOO
=952  \\$00$10$2ddc$40$6INS_3_100000000000000_A_DE_BRA$70$8INS$910008$aORPH$bORPH$cKTS0$d2020-07-08$eKoopman$i49G09$oINS 3.1 a DE.BRA$p20127007$r2021-01-12 00:00:00$w2021-01-12$yBOO
=999  \\$d10020

