=LDR  01096aam a2200229   4500
=001  10021
=008  231208s1969\\\\||||||||\||||\00|\0ager\d
=041  \\$ager
=100  \\$aParacelsus, Philippus Aureolus$dc. 1493-1541$1http://www.wikidata.org/entity/Q83428$4aut$913173
=245  \\$aParacelsus in Selbstzeugnissen und Bilddokumenten
=260  \\$aHamburg$bRowohlt$c1969
=490  \\$aRowohlts Monographien$v149
=648  \0$a15th Century (1401-1500)$1http://www.wikidata.org/entity/Q7018$921015
=648  \0$a16th Century (1501-1600)$1http://www.wikidata.org/entity/Q7017$920944
=650  \0$aBiography$1http://www.wikidata.org/entity/Q36279$91927
=650  \0$aEsotericism$1http://www.wikidata.org/entity/Q131505$925902
=650  \0$aAlchemy$1http://www.wikidata.org/entity/Q39689$922115
=651  \0$aSwitzerland$1http://www.wikidata.org/entity/Q39$920954
=700  \\$aKaiser, E.$4edt$926821
=942  \\$cBOO
=952  \\$00$10$2ddc$40$6BIO_PARA_B$70$8BIO$910009$aORPH$bORPH$cKTS1_P$d2020-07-08$eKoopman$i40D42$l1$oBIO PARA b$p20122275$r2024-01-10 00:00:00$s2023-12-20$w2021-01-12$yBOO
=999  \\$d10021

