=LDR  00719    a2200157   4500
=001  10023
=008  211008s1951\\\\\\\a||||\||||\00|\0\ita\d
=041  \\$aita
=100  \\$aParigi, L.$4edt$913175
=245  \\$aI disegni musicali del Gabinetto degli "Uffizi" e delle minori collezioni pubbliche a Firenze
=260  \\$aFlorence$bOlschki$c1951
=650  \0$aIconography$1http://www.wikidata.org/entity/Q208145$921259
=710  \\$4col$aGabinetto dei disegni e delle stampe degli Uffizi (Florence, Italy)$1http://www.wikidata.org/entity/Q3756440$91603
=942  \\$cBOO
=952  \\$00$10$2ddc$40$6VIS_PARI$70$8VIS$910011$aORPH$bORPH$cKTS1_H$d2020-07-08$eKoopman$i22C53$oVIS PARI$p20125673$r2021-01-12 00:00:00$w2021-01-12$yBOO
=999  \\$d10023

