=LDR  00708aam a2200181   4500
=001  10025
=008  240422s1978\\\\||||||||\||||\00|\0\dut\d
=020  \\$a9022838471
=041  \\$adut
=100  \\$aParker, G.$4aut$913177
=245  \\$aHet Spaanse Leger in de Lage Landen
=260  \\$aHaarlem$bFibula$bVan Dishoeck$c1978
=650  \0$aMilitary history$1http://www.wikidata.org/entity/Q192781$93874
=651  \0$aNetherlands$1http://www.wikidata.org/entity/Q55$9173
=651  \0$aSpain$1http://www.wikidata.org/entity/Q29$920983
=942  \\$cBOO
=952  \\$00$10$2ddc$40$6TOP_NL$70$8TOP$910013$aORPH$bORPH$cKTS0$d2020-07-08$eKoopman$i44B28$l0$oTOP NL$p20126685$r2021-01-12 00:00:00$w2021-01-12$yBOO$OKoopman
=999  \\$d10025

