=LDR  02572cam a22003254a 4500
=001  10026
=005  20250218163405.0
=008  050308s2005\\\\nyu\\\\\\bk\\\001\0\eng\\
=020  \\$a041594323X (hardback : alk. paper)
=040  \\$aOI
=041  \\$aeng
=100  \\$aParker, Mary Ann,$d-1951$913178$4edt
=245  10$aG.F. Handel:$bA Guide to Research
=250  \\$a2nd ed.
=260  \\$aNew York$bRoutledge$c2005
=300  \\$axiii-418 pages$c24 cm
=490  \\$aRoutledge Music Bibliographies
=504  \\$aIncludes bibliographical references and discographies (p. 385-389), and indexes.
=505  0\$aBackground. General history ; Music of the period ; Aesthetics, art, literature, and sociology ; Music and cultural life in England ; Music and cultural life in Germany ; Music and cultural life in Italy -- Handel's life and his works in general. Eighteenth-century Handel biographies ; Biographies, comprehensive studies, and collections of essays ; Studies of particular biographical issues -- Sources and compositional methods. Catalogues and collections ; General studies on sources ; Special studies of the sources ; Compositional method and borrowings ; Facsimile editions -- Studies of Handel's music. Works-lists, collected editions, and catalogues ; General studies of the music ; Operas ; Oratorios ; Odes and serenatas ; English pastorals, masques, music dramas, and theater music ; Vocal chamber music ; Church music ; Instrumental music and accompanying ensembles -- Performance practices and the Handel tradition. Performance practices ; The Handel tradition: reputation and practice -- Bibliographies and discographies. Bibliographies and bibliographic essays -- Discographies --  Handel societies -- Handel archive -- Newsletters and journals.
=600  \0$aHandel, George Frideric$d1685-1759$1http://www.wikidata.org/entity/Q7302$94765
=648  \0$a18th Century (1701-1800)$1http://www.wikidata.org/entity/Q7015$920899
=650  \0$aBibliography$1http://www.wikidata.org/entity/Q134995$93965
=651  \0$aHalle (Saale, Germany)$1http://www.wikidata.org/entity/Q2814$921799
=651  \0$aHamburg (Germany)$1http://www.wikidata.org/entity/Q1055$921940
=651  \0$aItaly$1http://www.wikidata.org/entity/Q38$922
=651  \0$aLondon (United Kingdom)$1http://www.wikidata.org/entity/Q84$9123
=700  \\$aEden, Bradford Lee$4edt$913180
=942  \\$cBOO
=952  \\$00$10$2ddc$40$6BIO_HAND_DC$70$8BIO$910014$aORPH$bORPH$cKTS1_P$d2020-07-08$eKoopman$i44F18$oBIO HAND d-->c$p20126821$r2021-01-12 00:00:00$w2021-01-12$yBOO$OKoopman
=999  \\$d10026

