=LDR  00917    a2200193   4500
=001  10030
=008  121221s\\\\\\\\\\\\\\\\\\\\\\\\\\0\fre
=041  \\$afre
=100  \\$aBéguin, Albert$4aut$919537
=245  \\$aPascal par lui-même
=260  \\$aParis$bÉditions du Seul$c1971
=534  \\$aOriginally published in 1952
=600  \0$aPascal, Blaise$d1623-1662$1http://www.wikidata.org/entity/Q1290$98885
=648  \0$a17th Century (1601-1700)$1http://www.wikidata.org/entity/Q7016$920923
=650  \0$aPhilosophy$1http://www.wikidata.org/entity/Q5891$92357
=942  \\$cBOO
=952  \\$00$10$2ddc$40$6PHI_PASC_B_BEGU$70$8PHI$910018$aORPH$bORPH$cKM12_3_2$d2020-07-08$eKoopman$i40H26$oPHI PASC b BEGU$p20122195$r2021-01-12 00:00:00$w2021-01-12$yBOO
=952  \\$00$10$2ddc$40$6PHI_PASC_B_BEGU$70$8PHI$918185$aORPH$bORPH$cKM12_3_2$d2020-07-08$eCorver$oPHI PASC b BEGU$p20133879$r2021-01-12 00:00:00$w2021-01-12$yBOO
=999  \\$d10030

