=LDR  00908cam a22002174a 4500
=001  10031
=008  080630s2008\\\\it\a\\\\\b\\\\001\0\ita\d
=041  \\$aita
=100  \\$aPasetti, Anna$d-1967$4aut$913185
=245  12$aL'Arpa
=260  \\$aPalermo$bL'Epos$c2008
=300  \\$a289 pages$bill. $c21 cm.
=490  1\$aOrganologia$v1
=504  \\$aIncludes bibliographical references (p. [261]-276) and index.
=650  \0$aHarp$1http://www.wikidata.org/entity/Q47369$93542
=650  \0$aOrganology$1http://www.wikidata.org/entity/Q899293$921400
=650  \0$aMusic history$1http://www.wikidata.org/entity/Q846047$921373
=856  \\$uhttp://www.loc.gov/catdir/toc/casalini07/08108757.pdf$3Table of contents
=942  \\$cBOO
=952  \\$00$10$2ddc$40$6INS_5_000000000000000_3A_PASE$70$8INS$910019$aORPH$bORPH$cKTS0$d2020-07-08$eKoopman$i25A24$oINS5.3a PASE$p20129146$r2021-01-12 00:00:00$w2021-01-12$yBOO
=999  \\$d10031

