=LDR  00788    a2200181   4500
=001  10032
=008  210430r19741763\\\|||||\||||\00|\0\eng\d
=041  \\$aeng
=100  \\$aPasquali, Nicolò$d1718-1757$4aut$95368
=245  \\$aThorough-Bass Made Easy
=260  \\$c1974$aLondon$bOxford University Press
=300  \\$a47 pages
=650  \0$aBasso continuo$1http://www.wikidata.org/entity/Q724321$921065
=700  \\$4edt$4win$aChurchill, John$921395
=942  \\$cBOO
=952  \\$00$10$2ddc$40$6TRE_PASQ$70$8TRE$910020$aORPH$bORPH$cKTS1_H$d2020-07-08$eThwaites$l0$oTRE PASQ$p20130003$r2021-01-12 00:00:00$w2021-01-12$yBOO
=952  \\$00$10$2ddc$40$6TRE_PASQ$70$8TRE$920119$aORPH$bORPH$cKTS1_H$d2020-07-08$eKoopman$i13G62$l0$oTRE PASQ$p20124887$r2021-04-30 00:00:00$w2021-04-30$yBOO
=999  \\$c10032$d10032

