=LDR  01253cam a22002894a 4500
=001  10033
=005  20250121142125.0
=008  080121s2007\\\\it\af\\\\bk\\\001\0dita\d
=020  \\$a9788883023439 :$c28.30 EUR
=040  \\$aOI
=041  \\$aita
=100  \\$aPasquini, Elisabetta$4aut$913187
=245  10$aGiambattista Martini
=260  \\$aPalermo$bL'Epos$c2007
=300  \\$a234 pages, xvi pages of plates$billustrations (some color)$c21 cm
=490  \\$aL'Amoroso canto$v6
=504  \\$aIncludes bibliographical references (p. [199]-213) and index.
=504  \\$aDiscography: p. [215]-222.
=600  \0$aMartini, Giovanni Battista$d1706-1784$1http://www.wikidata.org/entity/Q283651$95397
=648  \0$a18th Century (1701-1800)$1http://www.wikidata.org/entity/Q7015$920899
=650  \0$aMusic history$1http://www.wikidata.org/entity/Q846047$921373
=650  \0$aMusic theorist$1http://www.wikidata.org/entity/Q16031530$92202
=650  \0$aBiography$1http://www.wikidata.org/entity/Q36279$91927
=651  \0$aItaly$1http://www.wikidata.org/entity/Q38$922
=942  \\$cBOO
=952  \\$00$10$2ddc$40$6BIO_MART1_D$70$8BIO$910021$aORPH$bORPH$cKTS1_P$d2020-07-08$eKoopman$i35D29$oBIO MART1 d$p20120692$r2021-01-12 00:00:00$w2021-01-12$yBOO
=999  \\$d10033

