=LDR  00377    a2200121   4500
=001  10034
=022  \\$a03917819
=100  \\$aPassadore, E.$913189
=245  \\$aIl Santo
=260  \\$c1992
=942  \\$cBOO
=952  \\$00$10$2ddc$40$6BIO_TART_E$70$8BIO$910022$aORPH$bORPH$cKTS1_P$d2020-07-08$eKoopman$i28D39$l0$oBIO TART e$p20123569$r2021-01-12 00:00:00$w2021-01-12$yBOO$OKoopman
=999  \\$c10034$d10034

