=LDR  01573cam a2200301 a 4500
=001  10035
=005  20250120120226.0
=008  990616s1999\\\\it\\\\\\\bc\\\001\0\ita\\
=020  \\$a8822247175
=040  \\$aOI
=041  \\$aita
=245  10$aTrattatistica e letteratura musicale nel fondo Torrefranca del Conservatorio Benedetto Marcello di Venezia
=260  \\$aFlorence$bOlschki$c1999
=300  \\$axvii-387 pages$c24 cm
=490  1\$aCatalogo dei fondi storici della Biblioteca del Conservatorio di musica Benedetto Marcello, Venezia$v10
=490  1\$aBiblioteca / Historiæ Musicæ Cultores$x0073-2516$v82
=500  \\$aAt head of title: Conservatorio Benedetto Marcello; Fondazione Ugo e Olga Levi; Giunta regionale del Veneto.
=500  \\$aIncludes indexes.
=600  \0$1http://www.wikidata.org/entity/Q3740416$aTorrefranca, Fausto$d1883-1955$914447
=610  \0$aConservatorio di musica "Benedetto Marcello" (Venice, Italy)$1http://www.wikidata.org/entity/Q945776$91495
=650  \0$aMusicologist$1http://www.wikidata.org/entity/Q14915627$92342
=650  \0$aLibrary$1http://www.wikidata.org/entity/Q7075$94229
=651  \0$1http://www.wikidata.org/entity/Q641$aVenice (Italy)$91
=700  \\$aPassadore, Francesco$d1953-$4aut$913190
=700  1\$aRossi, Franco$d1953-$1http://www.wikidata.org/entity/Q61481758$4aut$913191
=942  \\$cBOO
=952  \\$00$10$2ddc$40$6BIB_4_000000000000000_IT_VEN1$70$8BIB$910023$aORPH$bORPH$cKTS0$d2020-07-08$eKoopman$i28B50$l1$oBIB4 IT.VEN1$p20121456$r2023-11-14 00:00:00$s2023-11-03$w2021-01-12$yBOO$OKoopman
=999  \\$d10035

