=LDR  04894cam a2200433 a 4500
=001  10036
=005  20250826173051.0
=008  941228s1994\\\\it\ag\\\\b\\\\101\0\mul\\
=020  \\$a8822241649
=040  \\$aOI
=041  0\$aita$aeng$ager
=245  00$aGiovanni Legrenzi e la Cappella ducale di San Marco.$bAtti dei convegni internazionali di studi, Venezia, 24-26 maggio 1990, Clusone, 14-16 settembre 1990
=260  \\$aFlorence$bOlschki$c1994
=300  \\$axi-666 pages$billustrations, music$c25 cm
=490  \\$aQuaderni della Rivista italiana di musicologia$v29
=500  \\$aAt head of title: Fondazione Ugo e Olga Levi.
=504  \\$aIncludes bibliographical references and index.
=505  \\$gBergamo e Clusone nel ’600 / Antonio Previtali -- Giovanni Legrenzi in Santa Maria Maggiore a Bergamo / Maurizio Padoan -- La cappella musicale di Santa Maria Maggiore a Bergamo dopo Legrenzi / Alberto Colzani -- Legrenzi e i suoi rapporti con Ippolito Bentivoglio e l'ambiente ferrarese. Nuovi documenti / Arnaldo Morelli -- La Venezia di Legrenzi / Gino Benzoni -- La cappella ducale di San Marco alla fine del Seicento: forme e sviluppi dell'istituzione musicale / Claudio Madricardo -- Giovanni Legrenzi ed il «Sovvegno di Santa Cecilia» / Gastone Vio -- Giovanni Legrenzi, i Savorgnan e la Furlana / Gilberto Pressacco -- Questioni di stile e struttura del melodramma nelle lettere di Cristoforo Ivanovich / Ivano Cavallini -- Vjera Katalinić -- Stage music, Italian opera performances, and libretto's in Dubrovnik from 1670's to 1800 / Stanislav Tuksar -- Gli inizi della musica strumentale a San Marco / Giulio M. Ongaro -- The Marcian motets of Benedetto Vinaccesi / Michael Talbot -- «S'alza la tenda». Annotazioni sulla «Sinfonia avanti l'opera» / Gerhard Croll -- Sulla recezione della musica strumentale d'assieme al tempo di Legrenzi: strategie compositive e carattere della fruizione / Franco Piperno -- La Cetra di Giovanni Legrenzi. Aspetto «moderni» della scuola violinistica veneziana seicentesca / Luigi Rovighi -- The instrumental music of Giovanni Legrenzi: style & significance / Stephen Bonta -- Questions of form, genre and instrumentation in the Venetian instrumental works of Giovanni Legrenzi and Johann Rosenmüller / Lorenz Welker -- Le cantate a voce sola di Legrenzi / Umberto Scarpetta -- Le ragioni della parola: uno studio sulle cantate di Legrenzi / Rossana Dalmonte -- Legrenzi e l'armonia del XVII secolo / Mario Baroni -- La tipologia delle scene per alcune opere musicate da Legrenzi e il catalogo tipologico delle «Décorations» stabilito da C. F. Ménestrier / Mercedes Viale Ferrero -- Una recensione «in rima» della Divisione del mondo (1675) / Paolo Fabbri -- «Avezzo a cose studiate, e sode»: Legrenzi compositore d'opera negli anni Settanta / Norbert Dubowy -- I viaggi del Giustino / Rudolf Bossard -- Totila, Belisario, l'orso e l'elefante / Anna Laura Bellina -- Un cantante legrenziano e la sua biografia: Francesco De Castris, «musico politico» / Carlo Vitali -- Überlegungen zur Funktion des italienischen Oratoriums im letzten Drittel des 17. Jahrhunderts am Beispiel von Giovanni Legrenzis Sedecia und La caduta di Gierusalemme von Giovanni Paolo Colonna / Juliane Riepe
=546  \\$aIn Italian, English, and German.
=600  \0$aLegrenzi, Giovanni$d1626-1690$1http://www.wikidata.org/entity/Q354947$97231
=600  \0$aIvanovich, Cristoforo$d1628-1689$1http://www.wikidata.org/entity/Q3246893$923743
=600  \0$aVinaccesi, Benedetto$d1666-1719$1http://www.wikidata.org/entity/Q737983$914337
=600  \0$aRosenmüller, Johann$dc. 1619-1684$1http://www.wikidata.org/entity/Q372593$910693
=610  \0$aBasilica di San Marco (Venice, Italy)$1http://www.wikidata.org/entity/Q172988$920989
=610  \0$aSanta Maria Maggiore (Bergamo, Italy)$1http://www.wikidata.org/entity/Q2001128$924191
=648  \0$a17th Century (1601-1700)$1http://www.wikidata.org/entity/Q7016$920923
=650  \0$aComposer$1http://www.wikidata.org/entity/Q36834$93625
=650  \0$aCappella$1http://www.wikidata.org/entity/Q19902156$922910
=650  \0$aOpera$1http://www.wikidata.org/entity/Q1344$92468
=650  \0$aInstrumental music$1http://www.wikidata.org/entity/Q639197$92106
=650  \0$aCantata$1http://www.wikidata.org/entity/Q174873$921603
=650  \0$aOratorio$1http://www.wikidata.org/entity/Q85477$91825
=651  \0$aVenice (Italy)$1http://www.wikidata.org/entity/Q641$91
=651  \0$aBergamo (Italy)$1http://www.wikidata.org/entity/Q628$924190
=700  \\$aPassadore, Francesco$d1953-$4edt$913190
=700  1\$aRossi, Franco$d1953-$4edt$1http://www.wikidata.org/entity/Q61481758$913191
=942  \\$cBOO
=952  \\$00$10$2ddc$40$6BIO_LEGR_E$70$8BIO$910024$aORPH$bORPH$cKTS1_P$d2020-07-08$eKoopman$i23F20$l1$m3$oBIO LEGR e$p20128898$r2022-08-08 00:00:00$s2022-05-12$w2021-01-12$yBOO
=999  \\$d10036

