=LDR  01089nam a2200253 cb4500
=001  10037
=005  20250120120940.0
=008  910625s1989\\\\\\\gl||\\c|||\00|||\itaod
=020  \\$a8885147011
=040  \\$aOI
=041  0\$aita
=100  1\$aPassadore, Francesco$4aut
=245  10$aIl fondo musicale dell'Archivio Capitolare della Cattedrale di Adria
=260  \\$aRome$bEdizioni Torre d'Orfeo$c1989
=300  \\$axxxi-335 pages$bmusic examples
=490  1\$aCataloghi di fondi musicali italiani$v11
=610  \0$aDuomo di Adria (Italy)$1http://www.wikidata.org/entity/Q3045551$927339
=650  \0$aChurch music$1http://www.wikidata.org/entity/Q8812109$92283
=650  \0$aCatholicism$1http://www.wikidata.org/entity/Q1841$921631
=650  \0$aLibrary$1http://www.wikidata.org/entity/Q7075$94229
=651  \0$aAdria (Italy)$1http://www.wikidata.org/entity/Q34615$927340
=942  \\$cBOO
=952  \\$00$10$2ddc$40$6BIB_4_000000000000000_IT_ADR$70$8BIB$910025$aORPH$bORPH$cKTS0$d2020-07-08$eKoopman$i31A04$l0$oBIB4 IT.ADR$p20121169$r2021-01-12 00:00:00$w2021-01-12$yBOO$OKoopman
=999  \\$d10037

