=LDR  00798cam a22001934a 4500
=001  10039
=005  20211001160119.0
=008  081020s2007\\\\it\g\\\\\b\\\\001\0\ita\\
=020  \\$a8890141263
=040  \\$aOI
=100  1\$aPassadore, Francesco,$d1953-
=245  10$aCatalogo tematico delle composizioni di Giuseppe Torelli (1658-1709) /$cFrancesco Passadore.
=260  \\$aPadova :$bI solisti veneti,$c2007.
=300  \\$acvi, 404 p. :$bmusic ;$c22 cm.
=504  \\$aIncludes bibliographical references (p. lxxiii-lxxxviii) and indexes.
=600  10$aTorelli, Giuseppe,$d1658-1709$vThematic catalogs.
=952  \\$00$10$2ddc$40$6BIO_TORE_C$70$8BIO$910027$aORPH$bORPH$cKTS1_P$d2020-07-08$eKoopman$i45B21$oBIO TORE c$p20127389$r2021-01-12 00:00:00$w2021-01-12$yBOO$OKoopman
=999  \\$c10039$d10039
=942  \\$cBOO

