=LDR  00425    a2200121   4500
=001  10040
=020  \\$a8890141271
=100  \\$aPassadore, Francesco$d1953-$913190
=245  \\$aCatalogo tematico delle composizi di Mad
=260  \\$c2008
=942  \\$cBOO
=952  \\$00$10$2ddc$40$6BIO_LOMB_C$70$8BIO$910028$aORPH$bORPH$cKTS1_P$d2020-07-08$eKoopman$i45B22$l0$oBIO LOMB c$p20127369$r2021-01-12 00:00:00$w2021-01-12$yBOO$OKoopman
=999  \\$c10040$d10040

