=LDR  01136    a2200229   4500
=001  10041
=008  220512s2011\\\\||||||||\||||\00|\d\ita\d
=020  \\$a9788890141298
=041  \\$aita$dita$dlat
=245  \\$a"armonie deliziose di salmi ed oratori":$bTesti e musiche per l'Ospedale della Pietà di Venezia
=260  \\$aPadua$bEdizioni de "I Solisti Veneti"$c2011
=300  \\$axlviii-686 pages
=610  \0$aOspedale della Pietà (Venice, Italy)$1http://www.wikidata.org/entity/Q1816328$924196
=648  \0$a18th Century (1701-1800)$1http://www.wikidata.org/entity/Q7015$920899
=650  \0$aOratorio$1http://www.wikidata.org/entity/Q85477$91825
=650  \0$aLibretto$1http://www.wikidata.org/entity/Q131084$94031
=651  \0$aVenice (Italy)$1http://www.wikidata.org/entity/Q641$91
=700  \\$4aut$aPassadore, Francesco$d1953-$913190
=700  1\$4aut$aRossi, Franco$d1953-$1http://www.wikidata.org/entity/Q61481758$913191
=942  \\$cBOO
=952  \\$00$10$2ddc$40$6TOP_IT_VEN1_5_000000000000000$70$8TOP$910029$aORPH$bORPH$cKTS0$d2020-07-08$eKoopman$i47A02$oTOP IT.VEN1 5$p20123782$r2021-01-12 00:00:00$w2021-01-12$yBOO
=999  \\$d10041

