=LDR  00837aam a2200193   4500
=001  10042
=005  20251003085458.0
=008  240322s1988\\\\|||o||||\||||\00|\0\ita\d
=041  \\$aita
=100  \\$aPassamani, B.$913193$4aut
=245  \\$aGuida alla Pinacoteca Tosio-Martinengo di Brescia
=260  \\$aBrescia$bGrafo$c1988
=610  \0$aPinacoteca Tosia-Martinengo (Brescia, Italy)$1http://www.wikidata.org/entity/Q3388589$927196
=650  \0$aFine art$1http://www.wikidata.org/entity/Q219625$921579
=650  \0$aCatalogue$1http://www.wikidata.org/entity/Q2352616$921484
=651  \0$aBrescia (Italy)$1http://www.wikidata.org/entity/Q6221$922286
=942  \\$cBOO
=952  \\$00$10$2ddc$40$6VIS_PASS$70$8VIS$910030$aORPH$bORPH$cKTS1_H$d2020-07-08$eKoopman$i18D29$l0$oVIS PASS$p20125044$r2021-01-12 00:00:00$w2021-01-12$yBOO$OKoopman
=999  \\$d10042

