=LDR  00335    a2200109   4500
=001  10044
=100  \\$aPathelin$913195
=245  \\$aFarces
=260  \\$c1947
=942  \\$cBOO
=952  \\$00$10$2ddc$40$6LIT_PATH_A$70$8LIT$910032$aORPH$bORPH$cKM12_2_H$d2020-07-08$eKoopman$i43D47$oLIT PATH a$p20126483$r2021-01-12 00:00:00$w2021-01-12$yBOO
=999  \\$c10044$d10044

