=LDR  01468ccm a2200301 a 4500
=001  10045
=005  20250120120223.0
=008  000226s1999\\\\it\mda\\\bhiz\\n\\\\ita\\
=020  \\$a8822248104
=040  \\$aOI
=100  \\$aGastoldi, Giovanni Giacomo$d1582-1609$1http://www.wikidata.org/entity/Q964231$913196
=240  10$9808$aSacre lodi a diversi santi
=245  10$aMadrigali in basilica :$ble Sacre lodi a diversi santi (1587) di G.G. Gastoldi : un emblema controriformistico /$c[a cura di] Stefano Patuzzi.
=260  \\$aFlorence$bOlschki$c1999.
=300  \\$a1 score (238 p.), 10 p. of plates :$bill. ;$c25 cm.
=490  1\$aMadrigalisti dell'Italia centro-settentrionale ;$x0073-2516 ;$v8
=500  \\$aFor cantus, quintus, altus, tenor, and bassus.
=500  \\$aEdited from the 1st ed. published: Venezia : R. Amadino, 1587.
=504  \\$aIncludes bibliographical references and index.
=650  \0$aSong$1http://www.wikidata.org/entity/Q7366$94164
=650  \0$aSong$1http://www.wikidata.org/entity/Q7366$94164
=650  \0$aMadrigal$1http://www.wikidata.org/entity/Q193217$921649
=700  \\$aPatuzzi, Stefano$913197
=830  \0$9810$aHistoriae Musicae Cultores (Series) ;$v84.
=942  \\$cBOO
=952  \\$00$10$2ddc$40$6BIO_GAST_E$70$8BIO$910033$aORPH$bORPH$cKTS1_P$d2020-07-08$eKoopman$i23F25$l0$oBIO GAST e$p20128680$r2021-01-12 00:00:00$w2021-01-12$yBOO$OKoopman
=999  \\$c10045$d10045
=651  \0$aItaly$1http://www.wikidata.org/entity/Q38$922

