=LDR  02011aam a2200301   4500
=001  10047
=005  20251003085458.0
=008  250121s2007\\\\|||ogd||\||||\00|\0|ger\d
=020  \\$a9783643800336
=041  \\$ager
=100  \\$aPaulus, Vera$913198
=245  \\$aOper in der Klosterschule.$bMusik und Theater im Kloster Engelberg
=260  \\$c2010$aZürich$bLit Verlag
=300  \\$a415 pages
=490  \\$aForum Musiktheater$vBand 7
=520  \\$aDenkt man an klösterliche Musikpflege, so in erster Linie an sakrale Musik. Kaum bekannt ist hingegen, dass in Klöstern auch Opern aufgeführt wurden, so in der von Benediktinern geführten Schule in Engelberg (Schweiz). Meist handelt es sich dabei um Bearbeitungen von beliebten Repertoire-Opern; daneben komponierten die Mönche aber auch selbst Bühnenwerke. Das vorliegende Buch behandelt nicht nur diese beiden Stränge, sondern auch die Herkunft dieser Tradition und die Engelberger Musik- und Theatergeschichte. Ein umfangreicher Quellenkatalog gibt einen
Überblick über alle in Engelberg aufgeführten Opern.
=610  \0$aEngelberg Abbey (Switzerland)$1http://www.wikidata.org/entity/Q667880$939525
=610  \0$aBenedictines$1http://www.wikidata.org/entity/Q131132$921364
=648  \0$aPast$1http://www.wikidata.org/entity/Q192630$922196
=650  \0$aOpera$1http://www.wikidata.org/entity/Q1344 $92468
=650  \0$aCatalogue$1http://www.wikidata.org/entity/Q2352616$1http://www.wikidata.org/entity/Q6941730$921484
=650  \0$aTheater history$1http://www.wikidata.org/entity/Q1061140$94607
=650  \0$aMusic history$1http://www.wikidata.org/entity/Q846047$921373
=650  \0$aEducation$1http://www.wikidata.org/entity/Q8434$926206
=651  \0$aEngelberg (Switzerland)$1http://www.wikidata.org/entity/Q64108$939526
=942  \\$cBOO
=952  \\$00$10$2ddc$40$6TOP_CH_ENG_0_000000000000000$70$8TOP$910035$aORPH$bORPH$cKTS0$d2020-07-08$eKoopman$i46F12$l0$oTOP CH.ENG 0$p20126910$r2021-01-12 00:00:00$w2021-01-12$yBOO$OKoopman
=999  \\$d10047

