=LDR  01008aam a2200217   4500
=001  10048
=008  220901s1964\\\\||||||||\||||\00|\0\ger\d
=041  \\$ager
=100  \\$aPauly, H. J.$4aut$913199
=245  \\$aDie Fuge in den Orgelwerken Dietrich Buxtehudes
=260  \\$aRegensburg$bBosse$c1964
=490  \\$aKölner Beiträge zur Musikforschung$vXXXI
=600  \0$aBuxtehude, Dietrich$d1637-1707$1http://www.wikidata.org/entity/Q153637$910062
=648  \0$a17th Century (1601-1700)$1http://www.wikidata.org/entity/Q7016$920923
=650  \0$aOrgan music$1http://www.wikidata.org/entity/Q2003283$91951
=650  \0$aFugue$1http://www.wikidata.org/entity/Q181014$93142
=650  \0$aMusical analysis$1http://www.wikidata.org/entity/Q1544924$92775
=651  \0$aGermany$1http://www.wikidata.org/entity/Q183$9155
=942  \\$cBOO
=952  \\$00$10$2ddc$40$6BIO_BUXT_E$70$8BIO$910036$aORPH$bORPH$cKTS1_P$d2020-07-08$eKoopman$i41D29$l0$oBIO BUXT e$p20120143$r2021-01-12 00:00:00$w2021-01-12$yBOO$OKoopman
=999  \\$d10048

