=LDR  00358    a2200109   4500
=001  10049
=100  \\$aPauphilet, A.$913200
=245  \\$aLa queste du Saint Graal
=260  \\$c1949
=942  \\$cBOO
=952  \\$00$10$2ddc$40$6LIT_PAUP_A$70$8LIT$910037$aORPH$bORPH$cKM12_2_H$d2020-07-08$eKoopman$i43D46$oLIT PAUP a$p20126484$r2021-01-12 00:00:00$w2021-01-12$yBOO
=999  \\$c10049$d10049

