=LDR  00989aam a2200205   4500
=001  10050
=008  240502s1970\\\\|||a||||\||||\00|\0\dut\d
=041  \\$adut
=100  \\$aPauw-Veen, L. de$913201$4aut
=245  \\$aHieronymus Cock prentenuitgever en graveur 1507?-1570
=260  \\$aBrussels$bKoninklijke Bibliotheek 'Albert I'$c1970
=590  \\$aTentoonstelling in de Koninklijke Bibliotheek Albert I
=600  \0$aCock, Hieronymus$d1518-1570$1http://www.wikidata.org/entity/Q640361$927276
=648  \0$a16th Century (1501-1600)$1http://www.wikidata.org/entity/Q7017$920944
=650  \0$aFine art$1http://www.wikidata.org/entity/Q219625$921579
=650  \0$aIllustration$1http://www.wikidata.org/entity/Q178659$921171
=651  \0$aFlanders (Belgium)$1http://www.wikidata.org/entity/Q234$989
=942  \\$cBOO
=952  \\$00$10$2ddc$40$6BIO_COCK_D$70$8BIO$910038$aORPH$bORPH$cKTS1_P$d2020-07-08$eKoopman$i19F43$l0$oBIO COCK d$p20125229$r2021-01-12 00:00:00$w2021-01-12$yBOO$OKoopman
=999  \\$d10050

