=LDR  01197pam a2200277 a 4500
=001  10051
=005  20250218163405.0
=008  890628s1989\\\\nyuaf\\\\\\\\\001\0\eng\\
=020  \\$a0824045955 (alk. paper)
=040  \\$aOI
=041  \\$aeng
=245  10$aGiovanni Battista Pergolesi:$bA Guide to Research
=260  \\$aNew York$bGarland$c1989
=300  \\$axvi, 190 p., [4] p. of plates :$bill. ;$c23 cm.
=490  1\$aGarland Reference Library of the Humanities$v1058
=600  \0$aPergolesi, Giovanni Battista$d1710-1736$1http://www.wikidata.org/entity/Q185312$94761
=648  \0$a18th Century (1701-1800)$1http://www.wikidata.org/entity/Q7015$920899
=650  \0$aBibliography$1http://www.wikidata.org/entity/Q134995$93965
=650  \0$aComposer$1http://www.wikidata.org/entity/Q36834$93625
=651  \0$aItaly$1http://www.wikidata.org/entity/Q38$922
=700  \\$aPaymer, Marvin E.$4aut$913202
=700  \\$aPaymer, Marvin E.$4edt$913202
=700  \\$aWilliams, Hermine Weigel$4edt$913204
=942  \\$cBOO
=952  \\$00$10$2ddc$40$6BIO_PERG_C$70$8BIO$910039$aORPH$bORPH$cKTS1_P$d2020-07-08$eKoopman$i23D08$l0$oBIO PERG c$p20128611$r2021-01-12 00:00:00$w2021-01-12$yBOO
=999  \\$c10051$d10051

