=LDR  00920pam a2200217 i 4500
=001  10052
=005  20250120120247.0
=008  770208s1977\\\\nyua\\\\\b\\\\001\0\eng\\
=020  \\$a0918728010
=040  \\$aOI
=100  \\$aPaymer, Marvin E.$913202
=245  00$aGiovanni Battista Pergolesi, 1710-1736 :$ba thematic catalogue of the opera omnia with an appendix listing omitted compositions /$cby Marvin E. Paymer.
=260  \\$aNew York :$bPendragon Press,$cc1977.
=300  \\$axix, 99 p. :$bill. ;$c24 cm.
=504  \\$aBibliography: p. 95-99.
=500  \\$aIncludes index.
=600  \0$aPergolesi, Giovanni Battista$d1710-1736$1http://www.wikidata.org/entity/Q185312$94761
=942  \\$cBOO
=952  \\$00$10$2ddc$40$6BIO_PERG_C$70$8BIO$910040$aORPH$bORPH$cKTS1_P$d2020-07-08$eKoopman$i30B11$oBIO PERG c$p20123416$r2021-01-12 00:00:00$w2021-01-12$yBOO$OKoopman
=999  \\$c10052$d10052
=490  \\$aThematic catalogues ;$vno. 1

