=LDR  00382    a2200121   4500
=001  10053
=020  \\$a9789023418894
=100  \\$aPearson, R.$913206
=245  \\$aVoltaire de almachtige
=260  \\$c2006
=942  \\$cBOO
=952  \\$00$10$2ddc$40$6BIO_VOLT_D$70$8BIO$910041$aORPH$bORPH$cKTS1_P$d2020-07-08$eKoopman$i38C27$oBIO VOLT d$p20120423$r2021-01-12 00:00:00$w2021-01-12$yBOO
=999  \\$c10053$d10053

