=LDR  01157    a2200229   4500
=001  10055
=008  210923s1972\\\\\\\|||||\||||\00|\0deng\d
=041  \\$aeng
=100  \\$aPeckham, Mary Adelaide$4aut$913208
=245  \\$aThe Operas of Georg Philipp Telemann
=260  \\$aAnn Arbor, MI$bUMI$c1972
=300  \\$a303 pages
=590  \\$aSubmitted in partial fulfillment of the requirements for the degree of Doctor of Philosophy, in the Faculty of Philosophy, Columbia University, 1972
=600  \0$aTelemann, Georg Philipp$d1681-1767$1http://www.wikidata.org/entity/Q75854$99287
=648  \0$a18th Century (1701-1800)$1http://www.wikidata.org/entity/Q7015$920899
=650  \0$aOpera$1http://www.wikidata.org/entity/Q1344$92468
=650  \0$aMusical analysis$1http://www.wikidata.org/entity/Q1544924$92775
=651  \0$aLeipzig (Germany)$1http://www.wikidata.org/entity/Q2079$945
=651  \0$aHamburg (Germany)$1http://www.wikidata.org/entity/Q1055$921940
=942  \\$cBOO
=952  \\$00$10$2ddc$40$6BIO_TELE_E$70$8BIO$910043$aORPH$bORPH$cKTS1_P$d2020-07-08$eKoopman$i41A25$l1$oBIO TELE e$p20120190$r2021-10-18 00:00:00$s2021-09-23$w2021-01-12$yBOO
=999  \\$d10055

