=LDR  00871    a2200205   4500
=001  10056
=005  20250925143258.0
=008  210930r19941901sp\|||||\||||\00|\0\spa\d
=041  \\$aspa
=100  \\$4aut$aPedrell, Felipe$d1841-1922$1http://www.wikidata.org/entity/Q351394$913209
=245  \\$aEmporio cientifico é histórico de organografía musical antigua española
=260  \\$aValencia$bParis$bValencia$c1994
=300  \\$a147 pages
=534  \\$cBarcelona: Gili, 1901
=648  \0$a20th Century (1901-2000)$1http://www.wikidata.org/entity/Q6927$920936
=650  \0$aOrganology$1http://www.wikidata.org/entity/Q899293$921400
=651  \0$aSpain$1http://www.wikidata.org/entity/Q29$920983
=942  \\$cBOO
=952  \\$00$10$2ddc$40$6INS_1A_SP$70$8INS$910044$aORPH$bORPH$cKTS0$d2020-07-08$eKoopman$i22F25$oINS1a SP$p20128823$r2021-01-12 00:00:00$w2021-01-12$yBOO
=999  \\$d10056

