=LDR  01378aam a2200277   4500
=001  10061
=008  230830s1971\\\\|||g||||\b|||\001\pdger\d
=020  \\$a3795201098
=041  \\$ager
=100  \\$aPelinski, Ramón Adolfo$d1932-2015$4aut$1http://www.wikidata.org/entity/Q55771067$913212
=245  \\$aDie weltliche Vokalmusik Spaniens am Anfang des 17. Jahrhunderts:$bder Cancionero Claudio de la Sablonara
=250  \\$aRepr.
=260  \\$c1971$aTutzing$bSchneider
=300  \\$a339 pages
=490  \\$aMünchner Veröffentlichungen zur Musikgeschichte$vBand 20
=600  10$1http://www.wikidata.org/entity/Q71840848$aSablonara, Claudio de la$926449
=648  \0$a17th Century (1601-1700)$1http://www.wikidata.org/entity/Q7016$920923
=648  \0$a16th Century (1501-1600)$1http://www.wikidata.org/entity/Q7017$920944
=650  \0$1http://www.wikidata.org/entity/Q685884$aVocal music$93319
=650  \0$aManuscript$1http://www.wikidata.org/entity/Q87167$92275
=650  \0$aMusic history$1http://www.wikidata.org/entity/Q846047$921373
=650  \0$1http://www.wikidata.org/entity/Q7366$aSong$94164
=651  \0$1http://www.wikidata.org/entity/Q29$aSpain$920983
=942  \\$cBOO
=952  \\$00$10$2ddc$40$6TOP_ES_4_000000000000000$70$8TOP$910049$aORPH$bORPH$cKTS0$d2020-07-08$eKoopman$i44G14$l0$oTOP ES 4$p20126862$r2021-01-12 00:00:00$w2021-01-12$yBOO$OKoopman
=999  \\$d10061

