=LDR  00611    a2200169   4500
=001  10062
=008  231003|\\\\\\\\nl\\||||\||||\00|\0\dut\d
=041  \\$adut
=100  \\$aPembaur, Josef$913213$4aut
=245  \\$aDe poëzie van het klavierspel
=260  \\$cs.d.$aThe Hague$bKruseman
=300  \\$a98 pages
=650  \0$1http://www.wikidata.org/entity/Q482$aPoetry$93026
=700  \\$4trl$926553$aAugustin, Felix
=942  \\$cBOO
=952  \\$00$10$2ddc$40$6INS_3_000000000000000_3A$70$8INS$910050$aORPH$bORPH$cKTS0$d2020-07-08$eKoopman$i23E08$l0$oINS3.3a$p20128961$r2021-01-12 00:00:00$w2021-01-12$yBOO$OKoopman
=999  \\$d10062

