=LDR  01088aam a2200217   4500
=001  10064
=008  220708s1981\\\\|||ac|||\||||\00|\0adut\d
=020  \\$a9022838862
=041  \\$adut$heng
=100  \\$aPepys, Samuel$d1633-1703$4aut$1http://www.wikidata.org/entity/Q106143$913215
=245  \\$aDagboek 1660-1669:$bEen selectie uit het volledige Dagboek
=260  \\$aHaarlem$bFibula-Van Dishoeck$aAntwerp$bStandaard$c1981
=300  \\$a348 pages$billustrations (b&w), portraits
=504  \\$aNoten, p. 327 -- Lijst van geraadpleegde werken, p. 339 -- Register van Persoonsnamen, p. 340; Verantwoording van de illustraties, p. 348
=648  \0$a17th Century (1601-1700)$1http://www.wikidata.org/entity/Q7016$920923
=650  \0$aDiary$1http://www.wikidata.org/entity/Q185598$921711
=651  \0$aUnited Kingdom$1http://www.wikidata.org/entity/Q21$9273
=700  \\$aAlberts, A.$4trl$923240
=942  \\$cBOO
=952  \\$00$10$2ddc$40$6BIO_PEPY_A$70$8BIO$910052$aORPH$bORPH$cKTS1_P$d2020-07-08$eKoopman$i19D12$l1$oBIO PEPY a$p20127861$r2024-08-20 00:00:00$s2024-06-13$w2021-01-12$yBOO
=999  \\$d10064

