=LDR  01167    a2200217   4500
=001  10065
=008  220708s1906\\\\||||||||\||||\00|\0aeng\d
=041  \\$aeng
=100  \\$aPepys, Samuel$d1633-1703$4aut$1http://www.wikidata.org/entity/Q106143$913215
=245  \\$aThe Diary of Samuel Pepys
=260  \\$aLondon$aNew York$bEveryman's Library$c1906
=300  \\$a3 vols.
=648  \0$a17th Century (1601-1700)$1http://www.wikidata.org/entity/Q7016$920923
=650  \0$aDiary$1http://www.wikidata.org/entity/Q185598$921711
=651  \0$aUnited Kingdom$1http://www.wikidata.org/entity/Q21$9273
=700  \\$4edt$aWarrington, J.$924511
=942  \\$cBOO
=952  \\$00$10$2ddc$3vol. 1$40$6BIO_PEPY_A$70$8BIO$910053$aORPH$bORPH$cKTS1_P$d2020-07-08$eKoopman$i38D25-1$oBIO PEPY a$p20122382$r2021-01-12 00:00:00$w2021-01-12$yBOO
=952  \\$00$10$2ddc$3vol. 2$40$6BIO_PEPYA$70$8BIO$910054$aORPH$bORPH$cKTS1_P$d2020-07-08$eKoopman$i38D25-2$oBIO PEPYa$p20122381$r2021-01-12 00:00:00$w2021-01-12$yBOO
=952  \\$00$10$2ddc$3vol. 3$40$6BIO_PEPY_A$70$8BIO$910055$aORPH$bORPH$cKTS1_P$d2020-07-08$eKoopman$i38D25-3$oBIO PEPY a$p20122380$r2021-01-12 00:00:00$w2021-01-12$yBOO
=999  \\$d10065

