=LDR  02782aam a2200289   4500
=001  10070
=008  230522s2003\\\\|||af|||\b|||\001\0\dut\d
=020  \\$a9077503056
=041  \\$adut
=100  \\$aRodríguez Pérez, Yolanda$4aut$913219
=245  \\$aDe tachtigjarige oorlog in Spaanse ogen:$bDe Nederlanden in Spaanse historische en literaire teksten (circa 1548-1673)
=260  \\$aNijmegen$bVantilt$c2003
=300  \\$a336 pages
=520  \\$aLiteraire en historische werken bieden een schat aan informatie over de Spaanse visie op de Nederlanden ten tijde van de Tachtigjarige Oorlog. Toen bonden dappere Spaanse soldaten namelijk de strijd aan met volgens hen hardnekkige en hoogmoedige ketters en rebellen. Gedurende vele jaren zou het koude noorden een beproefd element zijn in het leven van de Spanjaarden van de Gouden Eeuw. Maar wat weten wij daarvan?

In De Tachtigjarige Oorlog in Spaanse ogen gaat Yolanda Rodríguez Pérez op zoek naar het beeld dat de Spanjaarden van de Nederlanden en hun bewoners hadden tijdens de Tachtigjarige Oorlog. Zo leren we dat Willem van Oranje gevangen werd genomen door een zwarte Spaanse slaaf die zijn dapperheid wilde bewijzen. Dat de hertog van Alva een zorgzame vader was en Willem van Oranje een wellustige tiran. En dat Nederlandse zuigelingen wijn en bier dronken uit een borstvormige kalebas alsof het melk was.
We volgen de ontwikkelingen in de Spaanse beeldvorming vanaf de vooravond van de oorlog tot enkele decennia na de Vrede van Munster. Met behulp van een rijke verzameling bronnen, oorlogskronieken en toneelstukken, maar ook aan de hand van vlugschriften, gedichten, geschiedwerken en prozageschriften, onthult Rodríguez Pérez met wat voor bijzondere ogen de Spanjaarden naar de Lage Landen keken.
=600  \0$1http://www.wikidata.org/entity/Q80847$aÁlvarez de Toledo, Fernando$c3rd Duke of Alba$d1507-1582$926198
=600  \0$1http://www.wikidata.org/entity/Q78454$aWillem I van Oranje$d1533-1584$920888
=648  \0$1http://www.wikidata.org/entity/Q7017$a16th Century (1501-1600)$920944
=648  \0$1http://www.wikidata.org/entity/Q7016$a17th Century (1601-1700)$920923
=650  \0$1http://www.wikidata.org/entity/Q164432$aEighty Years' War (1568-1648)$923273
=650  \0$1http://www.wikidata.org/entity/Q185598$aDiary$921711
=650  \0$aHistory$1http://www.wikidata.org/entity/Q309$921403
=650  \0$aLiterature$1http://www.wikidata.org/entity/Q8242$94439
=651  \0$1http://www.wikidata.org/entity/Q29$aSpain$920983
=651  \0$1http://www.wikidata.org/entity/Q55$aNetherlands$9173
=942  \\$cBOO
=952  \\$00$10$2ddc$40$6TOP_ES_4_000000000000000$70$8TOP$910058$aORPH$bORPH$cKTS0$d2020-07-08$eKoopman$i34A36$l0$oTOP ES 4$p20122626$r2021-01-12 00:00:00$w2021-01-12$yBOO$OKoopman
=999  \\$d10070

