=LDR  01560ccm a2200313 a 4500
=001  10071
=005  20250121142125.0
=008  860113s1986\\\\nyuopa\\\hiz\\\n\\\\ita\\
=020  \\$a0918728320 :$c$96.00
=040  \\$aOI
=041  1\$aita$hita$gengita
=100  \\$aPergolesi, Giovanni Battista$d1710-1736$4cmp$1http://www.wikidata.org/entity/Q185312$94761
=245  10$aAdriano in Siria.$bDramma per musica
=260  \\$aNew York$bPendragon$aMilan$bRicordi$c1986
=300  \\$axxxiv-295 pages$billustrations, facsimiles$c37 cm
=490  1\$aComplete works = Opere complete / Giovanni Battista Pergolesi$v3
=500  \\$aIntrod. and critical commentary in English and Italian.
=500  \\$aLibretto with English translation: p. 7-35.
=534  \\$aPergolesi's 'Adriano in Siria' premiered at the Teatro San Bartolomeo, Naples, on 25 October 1734
=610  \0$aTeatro San Bartolomeo (Naples, Italy)$1http://www.wikidata.org/entity/Q1094172$924823
=648  \0$a18th Century (1701-1800)$1http://www.wikidata.org/entity/Q7015$920899
=650  \0$aOpera$1http://www.wikidata.org/entity/Q1344$92468
=651  \0$aNaples (Italy)$1http://www.wikidata.org/entity/Q2634$921
=700  \\$4lbt$aMetastasio, Pietro$d1698-1782$1http://www.wikidata.org/entity/Q29473$96031
=700  \\$aMonson, Dale$4edt$913222
=700  \\$4trl$aRussell, Charles C.$d-1934$913223
=942  \\$cSCO
=952  \\$00$10$2ddc$40$6SCO_PERG$70$8SCO$910059$aORPH$bORPH$cKTS1_P$d2020-07-08$eKoopman$iWG.0055$l0$oSCO PERG$p20121741$r2021-01-12 00:00:00$w2021-01-12$ySCO$OW.0055
=999  \\$d10071

