=LDR  00415    a2200109   4500
=001  10075
=100  \\$aPériers, Bonaventure des$dc. 1510-1544?$1http://www.wikidata.org/entity/Q733214$913227
=245  \\$aCymbalum Mundi
=260  \\$c1957
=942  \\$cBOO
=952  \\$00$10$2ddc$40$6LIT_PERI_A$70$8LIT$910063$aORPH$bORPH$cKM12_2_H$d2020-07-08$eKoopman$i43D30$oLIT PERI a$p20126500$r2021-01-12 00:00:00$w2021-01-12$yBOO
=999  \\$c10075$d10075

