=LDR  01231aam a2200253   4500
=001  10079
=008  250611s1852\\\\|||\||||\||||\00|\0\fre\d
=041  \\$afre
=100  \\$aPerrin, A.$913231
=245  \\$aRéorganisation des musiques régimentaires en France - Appendice pour faire suite l'Étude des musiques régimentaires en France
=250  \\$a2nd Ed.
=260  \\$c1852$aMézières$bLelaurin-Martinet
=260  \\$c1852$aParis$bLibrairie Militaire Dumaine
=300  \\$a84-80 pages
=648  \0$a19th Century (1801-1900)$1http://www.wikidata.org/entity/Q6955$920935
=650  \0$aMilitary music$1http://www.wikidata.org/entity/Q6774721$923663
=650  \0$aCorrespondence$1http://www.wikidata.org/entity/Q1784733$921392
=650  \0$aMusic criticism$1http://www.wikidata.org/entity/Q11748889$921598
=650  \0$aMusic education$1http://www.wikidata.org/entity/Q27908$921766
=650  \0$aMusic history$1http://www.wikidata.org/entity/Q846047$921373
=651  \0$aFrance$1http://www.wikidata.org/entity/Q142$9131
=942  \\$cBOO
=952  \\$00$10$2ddc$40$6TOP_FR_6_000000000000000$70$8TOP$910067$aORPH$bORPH$cKTS0$d2020-07-08$eKoopman$i44D30$l0$oTOP FR 6$p20126609$r2021-01-12 00:00:00$w2021-01-12$yBOO$OKoopman
=999  \\$d10079

