=LDR  01334cam a2200253   4500
=001  10080
=005  20250120120152.0
=008  710813s1971\\\\-ukafgh\\\\\\\001\0\eng\\
=020  \\$a0193184184
=041  1\$aeng
=100  \\$aPerrot, Jean$d1915-2009.$4aut$913232
=240  10$aOrgue, de ses origines hellénistiques à la fin du XIIIe siècle.$lEnglish
=245  14$aThe Organ.$b From its Invention in the Hellenistic Period to the End of the Thirteenth Century
=246  \1$aOrgue, de ses origines hellénistiques à la fin du XIIIe siècle
=260  \\$aLondon$aNew York$bOxford University Press$c1971
=300  \\$axxviii-317 pages-28 plates$billus., facsims., music.$c26 cm
=500  \\$aFrench ed. published in 1965 under title: L'orgue de ses origines hellénistiques a la fin du XIIIe siècle.

Adapted from the French. Translated by Norma Deane
=650  \0$aWater organ$1http://www.wikidata.org/entity/Q918236$93553
=650  \0$aOrgan$1http://www.wikidata.org/entity/Q1444$92810
=650  \0$aOrganology$1http://www.wikidata.org/entity/Q899293$921400
=650  \0$aMusic history$1http://www.wikidata.org/entity/Q846047$921373
=942  \\$cBOO
=952  \\$00$10$2ddc$40$6INS_3_000000000000000_1A$70$8INS$910068$aORPH$bORPH$cKTS0$d2020-07-08$eKoopman$i24E27$oINS3.1a$p20125930$r2021-01-12 00:00:00$w2021-01-12$yBOO
=999  \\$d10080

