=LDR  01224cam a2200253 a 4500
=001  10082
=008  820208s1981\\\\be\afg\\\b\\\\001\0\dut\\
=020  \\$a9065693017
=041  0\$adut
=100  \\$aPersoons, Guido$4aut$920485
=245  13$aDe orgels en de organisten van de Onze Lieve Vrouwkerk te Antwerpen van 1500 tot 1650
=260  \\$aBrussel $bAWLSK$c1981
=300  \\$a287 pages-12 leaves of plates $bill., music$c27 cm
=490  \\$aVerhandelingen van de Koninklijke Academie voor Wetenschappen, Letteren en Schone Kunsten van België, Klasse der Schone Kunsten ;$vjaarg. 43, nr. 32
=500  \\$aSummary in English
=500  \\$aIncludes index
=504  \\$aBibliography: p. 269-276
=610  \0$aOnze-Lieve-Vrouwekathedraal (Antwerp, Belgium)$1http://www.wikidata.org/entity/Q5901$91263
=650  \0$aOrgan$1http://www.wikidata.org/entity/Q1444$92810
=650  \0$aOrganology$1http://www.wikidata.org/entity/Q899293$921400
=651  \0$aAntwerp (Belgium)$1http://www.wikidata.org/entity/Q12892$920974
=942  \\$cBOO
=952  \\$00$10$2ddc$40$6INS_3_000000000000000_1A_BE_ANT$70$8INS$910070$aORPH$bORPH$cKTS0$d2020-07-08$eKoopman$i21E01$oINS3.1a BE.ANT$p20125427$r2021-01-12 00:00:00$w2021-01-12$yBOO
=999  \\$d10082

