=LDR  00971    a2200217   4500
=001  10084
=008  211104s1953\\\\gw\g||||\||||\00|\0\ger\d
=041  \\$ager
=100  \\$aPeter, Hildemarie$4aut$917360
=245  \\$aDie Blockflöte und ihre Spielweise in Vergangenheit und Gegenwart
=260  \\$c1953$aBerlin$bRobert Linea
=300  \\$a80 pages
=336  \\$aprinted
=648  \0$a16th Century (1501-1600)$1http://www.wikidata.org/entity/Q7017$920944
=648  \0$a17th Century (1601-1700)$1http://www.wikidata.org/entity/Q7016$920923
=650  \0$aRecorder$1http://www.wikidata.org/entity/Q187851$91903
=650  \0$aHistorically informed performance$1http://www.wikidata.org/entity/Q1344860$920980
=650  \0$aMusic history$1http://www.wikidata.org/entity/Q846047$921373
=942  \\$cBOO
=952  \\$00$10$2ddc$40$6INS_6_000000000000000_1A$70$8INS$910072$aORPH$bORPH$cKTS0$d2020-07-08$eKoopman$i20C22$oINS6.1a$p20128092$r2021-01-12 00:00:00$w2021-01-12$yBOO
=999  \\$d10084

