=LDR  01165aam a2200241   4500
=001  10086
=005  20251003153523.0
=008  250211s2001\\\\|||o||||\||||\00|\0\dut\d
=020  \\$a9080370053
=041  \\$adut
=100  \\$aPeters, A.$913237$4aut
=245  \\$aDie hem opten armen verstaet sale euwich leeve:$bDe Broodbank in de Grote of Sint-Bavokerk te Haarlem
=260  \\$aHaarlem$bVereniging Vrienden van de Grote of St.-Bavokerk te Haarlem$c2001
=490  \\$aBavoreeks$v5
=610  \0$aGrote of Sint-Bavokerk (Haarlem, Netherlands)$1http://www.wikidata.org/entity/Q1545193$925357
=648  \0$aMiddle Ages (500-1400)$1http://www.wikidata.org/entity/Q12554$920964
=650  \0$aChurch$1http://www.wikidata.org/entity/Q16970$93776
=650  \0$aArchitecture$1http://www.wikidata.org/entity/Q12271$93185
=650  \0$aInterior design$1http://www.wikidata.org/entity/Q179232$921367
=651  \0$aHaarlem (Netherlands)$1http://www.wikidata.org/entity/Q9920$921584
=942  \\$cBOO
=952  \\$00$10$2ddc$40$6TOP_NL_HAA$70$8TOP$910074$aORPH$bORPH$cKTS0$d2020-07-08$eKoopman$i44E24$l0$oTOP NL.HAA$p20126574$r2021-01-12 00:00:00$w2021-01-12$yBOO$OKoopman
=999  \\$d10086

