=LDR  01259aam a2200253   4500
=001  10087
=005  20251003153523.0
=008  250210s2012\\\\||||||||\||||\00|\0\dut\d
=020  \\$a9789078662006
=041  \\$adut
=100  \\$aPeters, A.$913237$4aut
=245  \\$aTussen mild en wild:$bDe koorgebeden en het houtsnijwerk van het koorgestoelte in de Grote of Sint-Bavokerk te Haarlem
=260  \\$aHaarlem$bVereniging Vrienden van de Grote of St.-Bavokerk te Haarlem$c2012
=490  \\$aBavoreeks$v11
=610  \0$aGrote of Sint-Bavokerk (Haarlem, Netherlands)$1http://www.wikidata.org/entity/Q1545193$925357
=648  \0$aMiddle Ages (500-1400)$1http://www.wikidata.org/entity/Q12554$920964
=650  \0$aChurch$1http://www.wikidata.org/entity/Q16970$93776
=650  \0$aChoir$1http://www.wikidata.org/entity/Q131186$93338
=650  \0$aArchitecture$1http://www.wikidata.org/entity/Q12271$93185
=650  \0$aInterior design$1http://www.wikidata.org/entity/Q179232$921367
=651  \0$aHaarlem (Netherlands)$1http://www.wikidata.org/entity/Q9920$921584
=942  \\$cBOO
=952  \\$00$10$2ddc$40$6TOP_NL_HAA$70$8TOP$910075$aORPH$bORPH$cKTS0$d2020-07-08$eKoopman$i44E26$l0$oTOP NL.HAA$p20126572$r2021-01-12 00:00:00$w2021-01-12$yTYPE_UNK$OKoopman
=999  \\$d10087

