=LDR  01615cam a22002774a 4500
=001  10088
=005  20250926134856.0
=008  070827s2008\\\\enka\\\\\b\\\\001\0deng\\
=020  \\$a9780754658108 (alk. paper)
=040  \\$aOI
=041  \\$aeng
=100  \\$aPeters, Mark A.$d-1975$4aut$913238
=245  12$aA Woman's Voice in Baroque Music:$bMariane von Ziegler and J. S. Bach
=260  \\$aAldershot$aBurlington, VT$bAshgate$c2008
=300  \\$axviii-192 pages$bill.$c24 cm
=504  \\$aIncludes bibliographical references (p. [173]-184) and index.
=505  0\$aWoman's voice: Mariane von Ziegler as poet -- Anonymous voice: Mariane von Ziegler's sacred cantata texts -- Divine voice: the significance of the vox Christi for Ziegler and for Bach -- The composer's voice: Bach's compositional procedures in the Ziegler cantatas -- Woman's voice restored: the reception of the Ziegler cantatas and their significance in Bach's output.
=600  \0$aZiegler, Christiane Mariane von$d1695-1760$1http://www.wikidata.org/entity/Q87099$98918
=600  \0$aBach, Johann Sebastian$d1685-1750$1http://www.wikidata.org/entity/Q1339$94766
=648  \0$a18th Century (1701-1800)$1http://www.wikidata.org/entity/Q7015$920899
=650  \0$aPoet$1http://www.wikidata.org/entity/Q49757$92954
=650  \0$aFemale$1http://www.wikidata.org/entity/Q6581072$921764
=651  \0$aLeipzig (Germany)$1http://www.wikidata.org/entity/Q2079$945
=942  \\$cBOO
=952  \\$00$10$2ddc$40$6BIO_ZIEG_D$70$8BIO$910076$aORPH$bORPH$cKTS1_P$d2020-07-08$eKoopman$i25C22$oBIO ZIEG d$p20129234$r2021-01-12 00:00:00$w2021-01-12$yBOO
=999  \\$d10088

