=LDR  00860    a2200193   4500
=001  10089
=008  210817s1997\\\\||||||||\||||\00|\0\dut\d
=020  \\$a9789025358686
=041  \\$adut$hlat
=100  \\$aVitruvius$d80-15 BC$4aut$1http://www.wikidata.org/entity/Q47163$922019
=245  \\$aHandboek bouwkunde
=260  \\$aAmsterdam$bAthenaeum-Polak & Van Gennep$c1997
=648  \0$aClassical Antiquity (8th Century BC-6th Century AD)$1http://www.wikidata.org/entity/Q486761$921435
=650  \0$aArchitecture$1http://www.wikidata.org/entity/Q12271$93185
=650  \0$aTheater history$1http://www.wikidata.org/entity/Q1061140$94607
=700  \\$4edt$aPeters, T.$913240
=942  \\$cBOO
=952  \\$00$10$2ddc$40$6TRE_VITR$70$8TRE$910077$aORPH$bORPH$cKTS1_H$d2020-07-08$eKoopman$i21D47$l1$oTRE VITR$p20128255$r2021-10-26 00:00:00$s2021-08-18$w2021-01-12$yBOO
=999  \\$d10089

