=LDR  01045    a2200193   4500
=001  10090
=100  \\$aPeterschmitt, E.$4aut$913241
=245  \\$aDie restaurierte Silbermann-Orgel von Sankt-Thomas 1741-1979
=260  \\$aStrasbourg$bLes Amis de l'Orgue Silbermann de St-Thomas$c1979
=610  \0$aÉglise Saint-Thomas (Strasbourg, France)$1http://www.wikidata.org/entity/Q1785858$922941
=610  \0$aSilbermann family$1http://www.wikidata.org/entity/Q37530187$922521
=648  \0$a18th Century (1701-1800)$1http://www.wikidata.org/entity/Q7015$920899
=650  \0$aOrgan$1http://www.wikidata.org/entity/Q1444$92810
=650  \0$aChurch$1http://www.wikidata.org/entity/Q16970$93776
=650  \0$aConservation and restoration$1http://www.wikidata.org/entity/Q217102$922845
=651  \0$aStrasbourg (France)$1http://www.wikidata.org/entity/Q6602$921953
=942  \\$cBOO
=952  \\$00$10$2ddc$40$6INS_3_000000000000000_1D_FR_STR$70$8INS$910078$aORPH$bORPH$cKTS0$d2020-07-08$eKoopman$i47F11$oINS3.1d FR.STR$r2021-01-12 00:00:00$w2021-01-12$yBOO
=999  \\$d10090

