=LDR  01505aam a2200289   4500
=001  10091
=008  230412s1986\\\\|||afo||\||||\00|\0ddan\d
=041  \\$adan
=100  \\$aPetersen, Jørgen$913242$4aut
=245  \\$aChristian IV's musikalische Eremitager
=260  \\$aNytår$bKunstakademiets Arkitektskole$c1986
=300  \\$a28 pages
=600  \0$1http://www.wikidata.org/entity/Q153586$aChristian IV$cKing of Denmark and Norway$d1577-1648$914791
=610  \0$aFrederiksborg Palace (Hillerød, Denmark)$1http://www.wikidata.org/entity/Q226103$940184
=610  \0$aRosenborg Castle Gardens (Copenhagen, Denmark)$1http://www.wikidata.org/entity/Q1898947$940185
=648  \0$1http://www.wikidata.org/entity/Q7016$a17th Century (1601-1700)$920923
=650  \0$aCourt$922191
=650  \0$aMusic history$1http://www.wikidata.org/entity/Q846047$921373
=650  \0$aBiography$1http://www.wikidata.org/entity/Q36279$91927
=650  \0$aCappella$1http://www.wikidata.org/entity/Q19902156$922910
=650  \0$aArchitecture$1http://www.wikidata.org/entity/Q12271$93185
=650  \0$aCastle$1http://www.wikidata.org/entity/Q23413$92088
=651  \0$aCopenhagen (Denmark)$1http://www.wikidata.org/entity/Q1748$923068
=651  \0$aHillerød (Denmark)$1http://www.wikidata.org/entity/Q27425$926830
=942  \\$cBOO
=952  \\$00$10$2ddc$40$6TOP_DK_5_000000000000000$70$8TOP$910079$aORPH$bORPH$cKTS0$d2020-07-08$eKoopman$i38C31$l0$oTOP DK 5$p20120418$r2021-01-12 00:00:00$w2021-01-12$yBOO$OKoopman
=999  \\$d10091

