=LDR  00398    a2200109   4500
=001  10092
=100  \\$aPetrarca, Francesco$d1304-1374$1http://www.wikidata.org/entity/Q1401$913243
=245  \\$aI Trionfi
=260  \\$c1956
=942  \\$cBOO
=952  \\$00$10$2ddc$40$6LIT_PETR_A$70$8LIT$910080$aORPH$bORPH$cKM12_2_H$d2020-07-08$eKoopman$i40B18$oLIT PETR a$p20120315$r2021-01-12 00:00:00$w2021-01-12$yBOO
=999  \\$c10092$d10092

