=LDR  00399    a2200109   4500
=001  10093
=100  \\$aPetrarca, Francesco$d1304-1374$1http://www.wikidata.org/entity/Q1401$913243
=245  \\$aCanzoniere
=260  \\$c1974
=942  \\$cBOO
=952  \\$00$10$2ddc$40$6LIT_PETR_A$70$8LIT$910081$aORPH$bORPH$cKM12_2_H$d2020-07-08$eKoopman$i40B23$oLIT PETR a$p20120310$r2021-01-12 00:00:00$w2021-01-12$yBOO
=999  \\$c10093$d10093

