=LDR  01492cam a2200313 a 4500
=001  10094
=005  20250219092048.0
=008  841113s1982\\\\it\afg\\\b\\\\101\0dita\\
=020  \\$a8822230965
=040  \\$aOI
=041  \\$aita
=245  00$aNuovissimi studi Corelliani.$bAtti del terzo congresso internazionale (Fusignano, 4-7 settembre 1980)
=246  \1$aStudi Corelliani$bIII
=260  \\$aFlorence$bOlschki$c1982
=300  \\$a418 pages, [12] pages of plates$billustrations, music, facsimiles$c24 cm
=490  \\$aQuaderni della Rivista italiana di musicologia$v7
=500  \\$aOn spine: Studi correliani.
=504  \\$aIncludes bibliographical references.
=590  \\$asotto il patrocinio della Società italiana di musicologia ; a cura di Sergio Durante e Pierluigi Petrobelli.
=600  \0$aCorelli, Arcangelo$d1653-1713$1http://www.wikidata.org/entity/Q164475$95351
=648  \0$a17th Century (1601-1700)$1http://www.wikidata.org/entity/Q7016$920923
=648  \0$a18th Century (1701-1800)$1http://www.wikidata.org/entity/Q7015$920899
=650  \0$aComposer$1http://www.wikidata.org/entity/Q36834$93625
=651  \0$aRome (Italy)$1http://www.wikidata.org/entity/Q220$949
=700  \\$aDurante, Sergio$d1954-$4edt$910638
=700  \\$aPetrobelli, Pierluigi$4edt$913245
=942  \\$cBOO
=952  \\$00$10$2ddc$40$6BIO_CORE_E$70$8BIO$910082$aORPH$bORPH$cKTS1_P$d2020-07-08$eKoopman$i23D21$l1$oBIO CORE e$p20128646$r2025-06-04 12:24:54$s2025-04-10$w2021-01-12$yBOO
=999  \\$d10094

