=LDR  00851aam a2200193   4500
=001  10095
=008  220710n\\\\\\\\||||||||\||||\00|\0bita\d
=041  \\$aita
=100  \\$aPetrobelli, Pierluigi$4edt$913245
=245  \\$aGiuseppe Tartini:$ble fonti biografiche
=260  \\$aVenice$bUniversal$cs.d.
=600  \0$aTartini, Giuseppe$d1692-1770$1http://www.wikidata.org/entity/Q108555$95536
=648  \0$a18th Century (1701-1800)$1http://www.wikidata.org/entity/Q7015$920899
=650  \0$aComposer$1http://www.wikidata.org/entity/Q36834$93625
=650  \0$aViolinist$1http://www.wikidata.org/entity/Q1259917$93278
=651  \0$aItaly$1http://www.wikidata.org/entity/Q38$922
=942  \\$cBOO
=952  \\$00$10$2ddc$40$6BIO_TART_B$70$8BIO$910083$aORPH$bORPH$cKTS1_P$d2020-07-08$eKoopman$i24F01$oBIO TART b$p20125894$r2021-01-12 00:00:00$w2021-01-12$yBOO
=999  \\$d10095

