=LDR  01732cam a2200301 a 4500
=001  10096
=005  20250121142125.0
=008  940518s1992\\\\it\a\\\\\b\\\\001\0\ita\d
=020  \\$a8870960684
=040  \\$aOI
=041  \\$aita
=100  \\$aPetrobelli, Pierluigi$4aut$913245
=245  10$aTartini, le sue idee e il suo tempo
=260  \\$aLucca$bLibreria musicale italiana$c1992
=300  \\$axviii-173 pages$billustrations$c22 cm
=490  1\$aMusicalia$v5
=500  \\$aEssays originally published 1962-1974.
=504  \\$aIncludes bibliographical references (p. xiii-xviii) and index.
=505  0\$aGiuseppe Tartini -- Tartini, le sue idee e il suo tempo -- Tartini, Algarotti e la corte di Dresda -- Una presenza di Tartini a Parma nel 1728 -- La scuola di Tartini in Germania e la sua influenza -- Tartini e la musica popolare -- Per l'edizione critica di un concerto tartiniano (D. 21) -- Tartini e Corelli : preliminari per l'impostazione di un problema -- Un cantante fischiato e le appoggiature di mezza battuta : cronaca teatrale e prassi esecutiva alla metà del Settecento.
=600  \0$aTartini, Giuseppe$d1692-1770$1http://www.wikidata.org/entity/Q108555$95536
=648  \0$a18th Century (1701-1800)$1http://www.wikidata.org/entity/Q7015$920899
=650  \0$aMusic history$1http://www.wikidata.org/entity/Q846047$921373
=650  \0$aComposer$1http://www.wikidata.org/entity/Q36834$93625
=650  \0$aViolinist$1http://www.wikidata.org/entity/Q1259917$93278
=651  \0$aItaly$1http://www.wikidata.org/entity/Q38$922
=942  \\$cBOO
=952  \\$00$10$2ddc$40$6BIO_TART_E$70$8BIO$910084$aORPH$bORPH$cKTS1_P$d2020-07-08$eKoopman$i33E39$oBIO TART e$p20120950$r2021-01-12 00:00:00$w2021-01-12$yBOO
=999  \\$d10096

