=LDR  02170cam a22003614a 4500
=001  10098
=005  20250926134856.0
=008  040625m20049999gw\\\\\\\b\\\\001\0\ger\\
=020  \\$a376181741X (Bd. 1)
=020  \\$a9783761817421 (Bd. 2)
=020  \\$a3761817428 (Bd. 2)
=040  \\$aOI
=041  \\$ager
=100  \\$aPetzoldt, Martin$d1946-2015$4aut$915718
=245  10$aBach-Kommentar:$btheologisch-musikwissenschaftliche Kommentierung der geistlichen Vokalwerke Johann Sebastian Bachs
=260  \\$a[Stuttgart]$bInternationale Bachakademie Stuttgart$aKassel$aLondon$bBärenreiter$c2004-07
=300  \\$a2 vols.$c28 cm.
=490  1\$aSchriftenreihe der Internationalen Bachakademie Stuttgart$x1012-8034$v14
=504  \\$aIncludes bibliographical references and indexes.
=505  1\$aBd. 1. Die geistlichen Kantaten des 1. bis 27. Trinitatis-Sonntages / musikwissenschaftliche Beratung, Don O. Franklin -- Bd. 2. Die geistlichen Kantaten vom 1. Advent bis zum Trinitatisfest / musikwissenschaftliche Beratung, Norbert Bolin  -- Band 3. Fest- und Kasualkantaten, Passionen / musikwissenschaftliche Beratung, Jochen Arnold -- Band 4. Messen, Magnificat, Motetten.
=600  \0$aBach, Johann Sebastian$d1685-1750$1http://www.wikidata.org/entity/Q1339$94766
=648  \0$a18th Century (1701-1800)$1http://www.wikidata.org/entity/Q7015$920899
=650  \0$aVocal music$1http://www.wikidata.org/entity/Q685884$93319
=650  \0$aLute$1http://www.wikidata.org/entity/Q180733$93944
=650  \0$aReligion$1http://www.wikidata.org/entity/Q9174$93062
=650  \0$aCantata$1http://www.wikidata.org/entity/Q174873$921603
=651  \0$aGermany$1http://www.wikidata.org/entity/Q183$9155
=700  \\$aFranklin, Don O.$4aut$99329
=700  \\$aBolin, Norbert$4aut$913248
=942  \\$cBOO
=952  \\$00$10$2ddc$3band 1$40$6BIO_BACH1_D$70$8BIO$910085$aORPH$bORPH$cKTS1_P$d2020-07-08$eKoopman$i38A29_01-02$oBIO BACH1 d$p20122423$r2021-01-12 00:00:00$w2021-01-12$yBOO
=952  \\$00$10$2ddc$3band 2$40$6BIO_BACH1_D$70$8BIO$910086$aORPH$bORPH$cKTS1_P$d2020-07-08$eKoopman$i38A29_01-02$oBIO BACH1 d$p20122422$r2021-01-12 00:00:00$w2021-01-12$yBOO
=999  \\$c10098$d10098

