=LDR  00397    a2200121   4500
=001  10100
=020  \\$a3928802240
=100  \\$aPetzoldt, Martin$d1946-2015$915718
=245  \\$aBachstätten aufsuchen
=260  \\$c1992
=942  \\$cBOO
=952  \\$00$10$2ddc$40$6BIO_BACH1_E$70$8BIO$910088$aORPH$bORPH$cKTS1_P$d2020-07-08$eKoopman$i28E05$oBIO BACH1 e$p20130343$r2021-01-12 00:00:00$w2021-01-12$yBOO
=999  \\$c10100$d10100

