=LDR  01021cam a22002291  4500
=001  10102
=005  20250820130328.0
=008  721211s1972\\\\gw\a\\\\\\\\\\000\0\ger\\
=015  \\$aGDB***
=020  \\$a3761800835
=040  \\$aOI
=041  0\$agereng
=100  \\$aPetzoldt, Richard$d1907-1974$1http://www.wikidata.org/entity/Q21416078$913250
=245  00$aHeinrich Schütz und seine Zeit in Bildern.$bHeinrich Schütz and his times in pictures.$cZusammengestellt und erläutert von Richard Petzoldt. Mit einer Einführung von Dietrich Berke.
=260  \\$aKassel,$bBärenreiter,$c1972.
=300  \\$a96 p.$billus. (part col.)$c27 cm.
=500  \\$aGerman and English.
=600  \0$aSchütz, Heinrich$d1585-1672$1http://www.wikidata.org/entity/Q153643$97240
=740  0\$aHeinrich Schütz and his times in pictures.
=942  \\$cBOO
=952  \\$00$10$2ddc$40$6BIO_SCHU5_B$70$8BIO$910090$aORPH$bORPH$cKTS1_P$d2020-07-08$eKoopman$i23C17$oBIO SCHU5 b$p20128574$r2021-01-12 00:00:00$w2021-01-12$yBOO$OKoopman
=999  \\$c10102$d10102

