=LDR  00887aam a2200181   4500
=001  10103
=008  230629s1935\\\\||||||||\||||\00|\0\ger\d
=041  \\$ager
=100  \\$aPetzoldt, Richard$d1907-1974$1http://www.wikidata.org/entity/Q21416078$4aut$913250
=245  \\$aDie Kirchenkompositionen und weltlichen Kantaten Reinhard Keisers (1674-1739)
=260  \\$c1935$aDusseldorf
=600  \0$1http://www.wikidata.org/entity/Q436126$aKeiser, Reinhard$d1674-1739$915629
=648  \0$1http://www.wikidata.org/entity/Q7015$a18th Century (1701-1800)$920899
=650  \0$1http://www.wikidata.org/entity/Q8812109$aChurch music$92283
=650  \0$1http://www.wikidata.org/entity/Q174873$aCantata$921603
=942  \\$cBOO
=952  \\$00$10$2ddc$40$6BIO_KEIS1_E$70$8BIO$910091$aORPH$bORPH$cKTS1_P$d2020-07-08$eKoopman$i25C02$l0$oBIO KEIS1 e$p20129253$r2021-01-12 00:00:00$w2021-01-12$yBOO$OKoopman
=999  \\$d10103

