=LDR  00647aam a2200169   4500
=001  10105
=008  220922s1974\\\\|||o||||\||||\00|\0\eng\d
=041  \\$aeng
=100  \\$aPevsner, Nikolaus$4aut$913253
=245  \\$aAn Outline of European Architecture
=260  \\$as.l.$bPenguin$c1974
=534  \\$aOriginally published in 1943
=650  \0$aArchitecture$1http://www.wikidata.org/entity/Q12271$93185
=651  \0$aEurope$1http://www.wikidata.org/entity/Q46$991
=942  \\$cBOO
=952  \\$00$10$2ddc$40$6VIS_PEVS$70$8VIS$910093$aORPH$bORPH$cKTS1_H$d2020-07-08$eKoopman$i40D13$l0$oVIS PEVS$p20122303$r2021-01-12 00:00:00$w2021-01-12$yBOO$OKoopman
=999  \\$d10105

