=LDR  01003aam a2200217   4500
=001  10107
=005  20251003085458.0
=008  220908s1988\\\\|||g||||\c|||\00|\0\ger\d
=041  \\$ager
=100  \\$aPfeiffer, Rüdiger$4aut$913256
=245  \\$aVerzeichnis der Werke von Johann Friedrich Fasch
=260  \\$aLeipzig$aMagdeburg$bs.n.$c1988
=490  \\$aDokumente und Materialien zur Musikgeschichte des Bezirkes Magdeburg$v1
=600  \0$aFasch, Johann Friedrich$d1688-1758$1http://www.wikidata.org/entity/Q77236$913257
=648  \0$a18th Century (1701-1800)$1http://www.wikidata.org/entity/Q7015$920899
=650  \0$aComposer$1http://www.wikidata.org/entity/Q36834$93625
=650  \0$aCatalogue$1http://www.wikidata.org/entity/Q2352616$921484
=651  \0$aGermany$1http://www.wikidata.org/entity/Q183$9155
=942  \\$cBOO
=952  \\$00$10$2ddc$40$6BIO_FASC1_C$70$8BIO$910095$aORPH$bORPH$cKTS1_P$d2020-07-08$eKoopman$i21D26$oBIO FASC1 c$p20128276$r2021-01-12 00:00:00$w2021-01-12$yBOO$OKoopman
=999  \\$d10107

