=LDR  01142cam a2200253 a 4500
=001  10108
=005  20250121142125.0
=008  940526s1994\\\\gw\acfh\\b\\\\001\0bger\\
=020  \\$a379590613X
=040  \\$aOI
=041  \\$ager
=100  \\$aPfeiffer, Rüdiger$4aut$913256
=245  10$aJohann Friedrich Fasch, 1688-1758:$bLeben und Werk
=260  \\$aWilhelmshaven$bNoetzel, Heinrichshofen Bücher$c1994
=300  \\$a194 pages$billustrations, portraits, plates, facsimiles$c22 cm
=504  \\$aIncludes bibliographical references (p. 141-151) and indexes.
=600  \0$aFasch, Johann Friedrich$d1688-1758$1http://www.wikidata.org/entity/Q77236$913257
=648  \0$a18th Century (1701-1800)$1http://www.wikidata.org/entity/Q7015$920899
=650  \0$aComposer$1http://www.wikidata.org/entity/Q36834$93625
=650  \0$aBiography$1http://www.wikidata.org/entity/Q36279$91927
=651  \0$aGermany$1http://www.wikidata.org/entity/Q183$9155
=942  \\$cBOO
=952  \\$00$10$2ddc$40$6BIO_FASC1_D$70$8BIO$910096$aORPH$bORPH$cKTS1_P$d2020-07-08$eKoopman$i32D33$l0$oBIO FASC1 d$p20123112$r2021-01-12 00:00:00$w2021-01-12$yBOO$OKoopman
=999  \\$d10108

