=LDR  03437cam a2200313 a 4500
=001  10109
=005  20251023153855.0
=008  140115s2013\\\\\\\ag\\\\b\\\\101\0\mul\d
=041  0\$aita$ager$aeng
=245  00$aUmbruchzeiten in der italienischen Musikgeschichte.$bDeutsch-italienische Round-Table-Gespräche
=260  \\$aKassel$bBärenreiter$c2013
=300  \\$a262 pages$billustrations, music
=490  1\$aAnalecta musicologica$v50
=500  \\$aChiefly the proceedings of the conference of the Gesellschaft für Musikforschung, held in Rome in 2010
=504  \\$aIncludes bibliographical references and index
=505  0\$gInterregnum. Kompositionspraxis, Gesangskultur und stilistische Identität in der italienischen Oper um 1800 = Interregno. Prassi compositiva, cultura vocale e identità stilistica dell'opera italiana sulla soglio dell'Ottocento: "In quest'ultimo istante riconoscimi" : der lange Abschied der Kastraten im Spiegel des Primo-uomo-Repertoires um 1800 / Anke Charton. Il coro operistico e il concetto di "patria" tra Rivoluzione ed età napoleonica / Lorenzo Mattei. Merkmale der Melodiegestaltung in Auftrittsarien für Tenor-Partien um 1800 / Roland Pfeiffer. Esempi di influenza francese sull'opera comica italiana del Primo Ottocento : due atti unici di Giovanni Simone Mayr / Francesco Blanchetti. I furori di Ecuba : l'opera seria italiana alla prova della tragedia / Paolo Russo. Una "querelle des anciens et des modernes" nella Roma napoleonica con qualche nota sul "Baldovino" di Jacopo Ferretti e Nicola Zingarelli / Daniele Carnini. I trattati di canto : una novità del Primo Ottocento / Marco Beghelli. "Bel canto" and cultural exchange : Italian vocal techniques in London 1790-1825 / Susan Rutherford
=505  0\$gWandel und Kontinuität in der italienischen Musik der 1940er-Jahre = Cambiamento e continuità nella musica italiana degli anni Quaranta: Italienische Musik in den 1940er-Jahren / Christoph Flamm. Compositori e funzionari : una riflessione sulla politica fascista del consenso / Roberto Illiano, Massimiliano Sala. Il Casella "neoclassico" e la "vera tradizione" italiana tra progresso e regresso / Simone Ciolfi. Gli anni Quaranta di Luigi Dallapiccola tra ricostruzione ed espessione e la genesi di "Rencesvals" : note di carteggio inedito / Luca Sala. Anni di guerra, tempo d'esilio : la musica di Ennio Porrino nell'Italia tra la fine della monarchia e l'avvento della Repubblica ltaliana / Myriam Quaquero. Dogmen, Polemiken, Konversionen : Aspekte der Zwölftonmusik in Italien in der zweiten Hälfte der 1940er-Jahre / Stefan König
=546  \\$aNine Italian, one English, and four German contributions.
=648  \0$a18th Century (1701-1800)$1http://www.wikidata.org/entity/Q7015$920899
=648  \0$a19th Century (1801-1900)$1http://www.wikidata.org/entity/Q6955$920935
=648  \0$a20th Century (1901-2000)$1http://www.wikidata.org/entity/Q6927$920936
=650  \0$aMusic history$1http://www.wikidata.org/entity/Q846047$921373
=650  \0$aOpera$1http://www.wikidata.org/entity/Q1344$92468
=651  \0$aItaly$1http://www.wikidata.org/entity/Q38$922
=700  \\$aPfeiffer, Roland$4edt$913258
=700  \\$aFlamm, Christoph$4edt$920043
=942  \\$cBOO
=952  \\$00$10$2ddc$40$6TOP_IT_6_000000000000000$70$8TOP$910097$aORPH$bORPH$cKTS0$d2020-07-08$eKoopman$iTS Analecta 50$l0$oTOP IT.6$p20129467$r2021-01-12 00:00:00$w2021-01-12$yBOO$OKoopman TS
=999  \\$d10109

