=LDR  01127cam a2200277 a 4500
=001  10110
=005  20250121142125.0
=008  851107s1984\\\\gw\a\\\\\b\\\\000\0\ger\\
=020  \\$a3806203989
=040  \\$aOI
=041  \\$ager
=100  \\$aPfistermeister, Ursula$4aut$913259
=245  10$aBarockkrippen in Bayern
=260  \\$aStuttgart$bTheiss$c1984
=300  \\$a135 pages$bcol. ill.$c26 cm
=500  \\$a"Die Krippen in Bild": p. [21]-[108]
=504  \\$aBibliography: p. 19.
=648  \0$a17th Century (1601-1700)$1http://www.wikidata.org/entity/Q7016$920923
=648  \0$a18th Century (1701-1800)$1http://www.wikidata.org/entity/Q7015$920899
=650  \0$aBaroque$1http://www.wikidata.org/entity/Q37853$921255
=650  \0$aApplied arts$1http://www.wikidata.org/entity/Q2865882$921627
=650  \0$aChristmas$1http://www.wikidata.org/entity/Q19809$92122
=651  \0$aBavaria (Germany)$1http://www.wikidata.org/entity/Q980$9228
=942  \\$cBOO
=952  \\$00$10$2ddc$40$6TOP_DE_BAV$70$8TOP$910098$aORPH$bORPH$cKTS0$d2020-07-08$eKoopman$i18C42$oTOP DE.BAV$p20127063$r2021-01-12 00:00:00$w2021-01-12$yBOO
=999  \\$d10110

