=LDR  00841aam a2200193   4500
=001  10111
=008  231127s1988\\\\-ush||||\||||\00|\0\eng\d
=020  \\$a0929931009
=041  \\$aeng
=100  \\$aPhilip, Chris$4edt$913260
=245  \\$aA Bibliography of Firework Books.$bWorks on recreative fireworks from the Sixteenth to the Twentieth Century
=260  \\$c1988$aDingmans Ferry$bAmerican Fireworks News
=300  \\$a186 pages
=650  \0$aBook$1http://www.wikidata.org/entity/Q571$92285
=650  \0$aBibliography$1http://www.wikidata.org/entity/Q134995$93965
=650  \0$aFirework$1http://www.wikidata.org/entity/Q127933$923111
=942  \\$cBOO
=952  \\$00$10$2ddc$40$6BIB_1_000000000000000_PHIL$70$8INS$910099$aORPH$bORPH$cKTS0$d2020-07-08$eKoopman$i38F13$l0$oBIB1 PHIL$p20122317$r2021-01-12 00:00:00$w2021-01-12$yBOO$OKoopman
=999  \\$d10111

