=LDR  00853aam a2200193   4500
=001  10114
=008  250331s1984\\\\|||a||||\||||\00|\0\ita\d
=041  \\$aita
=245  \\$aLa tradizione veronese nelle miniature dei codici capitolari
=260  \\$aVerona$bBiblioteca capitolare$c1984
=648  \0$aMiddle Ages (500-1400)$1http://www.wikidata.org/entity/Q12554$920964
=650  \0$aManuscript$1http://www.wikidata.org/entity/Q87167$92275
=650  \0$aIllustration$1http://www.wikidata.org/entity/Q178659$921171
=651  \0$aVerona (Italy)$1http://www.wikidata.org/entity/Q2028$921086
=700  \\$aPiazzi, A.$4aut$913262
=700  \\$aZivelonghi, G.$4aut$939990
=942  \\$cBOO
=952  \\$00$10$2ddc$40$6TOP_IT_VER$70$8TOP$910102$aORPH$bORPH$cKTS0$d2020-07-08$eKoopman$i18C12$l0$oTOP IT.VER$p20124996$r2021-01-12 00:00:00$w2021-01-12$yBOO$OKoopman
=999  \\$d10114

