=LDR  01049aam a2200229   4500
=001  10115
=008  250528s1985\\\\||||||||\||||\00|\0\ita\d
=041  \\$aita
=245  \\$aMille anni di musica nella biblioteca capitolare di Verona
=260  \\$aVerona$bCentro di formazione professionale per la grafica "Stimmatini"$c1985
=610  \0$aBiblioteca capitolare di Verona (Italy)$1http://www.wikidata.org/entity/Q2901256$927346
=648  \0$aPast$1http://www.wikidata.org/entity/Q192630$922196
=650  \0$aLibrary$1http://www.wikidata.org/entity/Q7075$94229
=650  \0$aMusic history$1http://www.wikidata.org/entity/Q846047$921373
=651  \0$aVerona (Italy)$1http://www.wikidata.org/entity/Q2028$921086
=700  \\$aPiazzi, A.$4aut$913262
=700  \\$aPaganuzzi, Enrico$d1921-2000$4aut$922044
=700  \\$aDonella, V.$4aut$940276
=700  \\$aZivelonghi, G.$4aut$939990
=942  \\$cBOO
=952  \\$00$10$2ddc$40$70$8BIB$910103$aORPH$bORPH$cKTS0$d2020-07-08$eKoopman$i25F05$l0$p20129393$r2021-01-12 00:00:00$w2021-01-12$yBOO$OKoopman
=999  \\$d10115

