=LDR  01504cam a2200277 a 4500
=001  10117
=005  20251031164038.0
=008  891002s1989\\\\nyuag\\\\bc\\\000\0beng\\
=020  \\$a0824023455 (set : alk. paper) :$c$170.00
=040  \\$aOI
=100  \\$aPicton, Howard J.$913263$4aut
=245  14$aThe Life and Works of Joseph Anton Steffan (1726-1797)$bwith Special Reference to his Keyboard Concertos
=260  \\$aNew York, NY$bGarland$c1989
=300  \\$a2 volumes$billustrations$c31 cm
=490  \\$aOutstanding Dissertations in Music from British Universities
=504  \\$aIncludes bibliographical references.
=600  \0$aŠtěpán, Josef Antonín$d1726-1797$1http://www.wikidata.org/entity/Q699207$913264
=648  \0$a18th Century (1701-1800)$1http://www.wikidata.org/entity/Q7015$920899
=650  \0$aComposer$1http://www.wikidata.org/entity/Q36834$93625
=650  \0$aBiography$1http://www.wikidata.org/entity/Q36279$91927
=650  \0$aConcerto$1http://www.wikidata.org/entity/Q9748$921817
=651  \0$aAustria$1http://www.wikidata.org/entity/Q40$9202
=942  \\$cBOO
=952  \\$00$10$2ddc$3Vol. 1$40$6BIO_STEF1_D$70$8BIO$910104$aORPH$bORPH$cKTS1_P$d2020-07-08$eKoopman$i34C25-1$oBIO STEF1 d$p20122560$r2021-01-12 00:00:00$w2021-01-12$yBOO$OKoopman
=952  \\$00$10$2ddc$3Vol. 2: Concerto in B flat (complete edition)$40$6BIO_STEF1_D$70$8BIO$910105$aORPH$bORPH$cKTS1_P$d2020-07-08$eKoopman$i34C25-2$oBIO STEF1 d$p20122559$r2021-01-12 00:00:00$w2021-01-12$yBOO$OKoopman
=999  \\$d10117

