=LDR  01475nam a2200289 a 4500
=001  10118
=008  930901s1991\\\\be\ag\\\\b\\\\001\0\fre\d
=041  \\$afre
=100  \\$aGuillot, Pierre$4aut$924272
=245  14$aLes jésuites et la musique :$ble Collège de la Trinité à Lyon, 1565-1762
=260  \\$aLiège$bMardaga$c1991
=300  \\$a285 pages, 33 plates
=490  \\$aCollection Musique, musicologie
=500  \\$a"La bibliothèque musicale du collège:" p. 251-257.
=504  \\$aIncludes bibliographical references (p. [259]-262 and indexes.
=610  \0$aCollège de la Trinité (Lyon, France)$1http://www.wikidata.org/entity/Q8625$924273
=610  \0$aJesuits$1http://www.wikidata.org/entity/Q36380$921140
=648  \0$a16th Century (1501-1600)$1http://www.wikidata.org/entity/Q7017$920944
=648  \0$a17th Century (1601-1700)$1http://www.wikidata.org/entity/Q7016$920923
=648  \0$a18th Century (1701-1800)$1http://www.wikidata.org/entity/Q7015$920899
=650  \0$aMusic education$1http://www.wikidata.org/entity/Q27908$921766
=650  \0$aBallet$1http://www.wikidata.org/entity/Q41425$94412
=650  \0$aMusic theater$1http://www.wikidata.org/entity/Q96394452$92065
=651  \0$aLyon (France)$1http://www.wikidata.org/entity/Q456$924167
=942  \\$cBOO
=952  \\$00$10$2ddc$40$6TOP_FR_LYO_4_000000000000000$70$8TOP$910106$aORPH$bORPH$cKTS0$d2020-07-08$eKoopman$i28B13$oTOP FR.LYO 4$p20123615$r2021-01-12 00:00:00$w2021-01-12$yBOO
=999  \\$d10118

