=LDR  01317cam a2200289 a 4500
=001  10120
=008  170728s2014\\\\gw\a\\\\\b\\\\010\0bger\d
=041  \\$ager
=245  00$aJacob Engelbert Teschemacher (1711-1782).$bDer Biograph Tersteegens und Orgelbauer
=250  \\$aOriginalausgabe
=260  \\$aRheinbach$bCMZ Verlag$c2014
=264  \1$aRheinbach $bCMZ$c2014
=300  \\$a682 pages $bill.$c28 cm
=490  1\$aGemeindebuch (Evangelische Kirchengemeinde Rondorf)$vBd. 3
=500  \\$aFestschrift.
=600  \0$aTeschemacher, Jacob Engelbert$d1711-1782$913268
=600  \0$aTersteegen, Gerhard$d1697-1769$1http://www.wikidata.org/entity/Q67283$913270
=648  \0$1http://www.wikidata.org/entity/Q7015$a18th Century (1701-1800)$920899
=650  \0$aOrgan$1http://www.wikidata.org/entity/Q1444$92810
=650  \0$aOrganology$1http://www.wikidata.org/entity/Q899293$921400
=650  \0$aBiography$1http://www.wikidata.org/entity/Q36279$91927
=651  \0$aGermany$1http://www.wikidata.org/entity/Q183$9155
=700  \\$aHübner, Thomas$d-1952$913271$4win
=700  \\$aVarious$94793$4aut
=942  \\$cBOO
=952  \\$00$10$2ddc$40$6INS_3_000000000000000_1B_TESC$70$8INS$910108$aORPH$bORPH$cKTS0$d2020-07-08$eKoopman$i46G27$l0$oINS3.1b TESC$p20126983$r2021-01-12 00:00:00$w2021-01-12$yBOO$OKoopman
=999  \\$d10120

