=LDR  01059aam a2200217   4500
=001  10121
=005  20250925143258.0
=008  230529s1929\\\\|||o||||\||||\00|\0\ger\d
=041  \\$ager
=100  \\$aPieth, Willy$1http://www.wikidata.org/entity/Q15446223$4aut$913274
=245  \\$aDie Bibliothek der Freien und Hansestadt Lübeck
=260  \\$c1929$aLübeck$bGesellschaft von Freuden der Stadtbibliothek
=300  \\$a16 pages$bwith photographs
=610  \0$aBibliothek der Hansestadt Lübeck (Germany)$1http://www.wikidata.org/entity/Q2326792$91314
=648  \0$a20th Century (1901-2000)$1http://www.wikidata.org/entity/Q6927$920936
=650  \0$1http://www.wikidata.org/entity/Q7075$aLibrary$94229
=650  \0$aPhotography$1http://www.wikidata.org/entity/Q11633$91982
=651  \0$1http://www.wikidata.org/entity/Q2843$aLübeck (Germany)$9125
=942  \\$cBOO
=952  \\$00$10$2ddc$40$6BIB_4_000000000000000_DE_LUB$70$8BIB$910109$aORPH$bORPH$cKTS0$d2020-07-08$eKoopman$i22F26$l0$oBIB4 DE.LUB$p20128824$r2021-01-12 00:00:00$w2021-01-12$yBOO$OKoopman
=999  \\$d10121

