=LDR  01559aam a2200277   4500
=001  10123
=008  250423s1963\\\\|||\||||\||||\001\0cger\d
=041  \\$ager
=100  \\$aPietzsch, Gerhard$d1904-1979$1http://www.wikidata.org/entity/Q55681781$913276$4aut
=245  \\$aQuellen und Forschungen zur Geschichte der Musik am kurpfälzischen Hof zu Heidelberg bis 1622
=260  \\$c1963$aWiesbaden$bSteiner
=300  \\$a181 pages
=490  \\$aAbhandlungen der geistes- und sozialwissenschaftlichen Klasse der Akademie der Wissenschaften und der Literatur in Mainz.$vJahrgang 1963, Nr. 6
=648  \0$a17th Century (1601-1700)$1http://www.wikidata.org/entity/Q7016$920923
=648  \0$a16th Century (1501-1600)$1http://www.wikidata.org/entity/Q7017$920944
=648  \0$aRenaissance (1400-1600)$1http://www.wikidata.org/entity/Q4692$920965
=650  \0$aMusic history$1http://www.wikidata.org/entity/Q846047$921373
=650  \0$aCourt$1http://www.wikidata.org/entity/Q1134237$922191
=650  \0$aBiography$1http://www.wikidata.org/entity/Q36279$91927
=650  \0$aPatronage$1http://www.wikidata.org/entity/Q214092$94245
=650  \0$aMusician$1http://www.wikidata.org/entity/Q639669$93574
=650  \0$aCappella$1http://www.wikidata.org/entity/Q19902156$922910
=651  \0$aHeidelberg (Germany)$1http://www.wikidata.org/entity/Q2966$921984
=942  \\$cBOO
=952  \\$00$10$2ddc$40$6TOP_DE_HEI1_4_000000000000000$70$8TOP$910111$aORPH$bORPH$cKTS0$d2020-07-08$eKoopman$l0$oTOP DE.HEI1 4$p20130340$r2021-01-12 00:00:00$w2021-01-12$yBOO$OKoopman
=999  \\$d10123

