=LDR  00825aam a2200193   4500
=001  10124
=008  250210s1974\\\\|||a||||\||||\00|\0dita\d
=041  \\$aita
=100  \\$aPignatti, T.$913277$4aut
=245  \\$aL'opera completa di Pietro Longhi
=260  \\$aMilan$bRizzoli$c1974
=490  \\$aClassici dell'arte$v75
=600  \0$aLonghi, Pietro$d1701-1785$1http://www.wikidata.org/entity/Q447058$924182
=648  \0$a18th Century (1701-1800)$1http://www.wikidata.org/entity/Q7015$920899
=650  \0$aFine art$1http://www.wikidata.org/entity/Q219625$921579
=651  \0$aVenice (Italy)$1http://www.wikidata.org/entity/Q641$91
=942  \\$cBOO
=952  \\$00$10$2ddc$40$6BIO_LONG_EA$70$8BIO$910112$aORPH$bORPH$cKTS1_P$d2020-07-08$eKoopman$i38F31$l0$oBIO LONG e-->a$p20122325$r2021-01-12 00:00:00$w2021-01-12$yBOO$OKoopman
=999  \\$d10124

