=LDR  02065    a2200217   4500
=001  10125
=008  231117b\\\\\\\\||||||||\||||\00|\0\###\d
=020  \\$a9072786084
=041  \\$aeng
=100  \\$aLasocki, David$4edt$919116
=110  \\$aSTIMU (Netherlands)$1http://www.wikidata.org/entity/Q122866062$4edt$922956
=245  \\$aA Time of Questioning. Proceedings of the International Early Double-Reed Symposium, Utrecht 1994
=260  \\$c1997$aUtrecht$bStimu
=300  \\$a291 pages
=505  \\$gKeith Polk, Point counter point: musical interactions within Renaissance professional ensembles / Beryl Kenyon de Pascual, The dulcians (bajón and bajoncillo) in Spain: an updated review / Rob van Acht, Dutch double-reed instruments and their makers in the 17th and 18th centuries / Bruce Haynes, Changing images of the hautboy in the 17th, 18th and early 19th centuries / Geoffrey Burgess, The evolving persona of the French Oboe in the nineteenth cenury, as seen through literature / Douglas Kirk, The Lerma Codex : an early wind band manuscript from Renaissance Spain / Wolfgang Reich, The woodwind sonatas of Jan Dismas Zelenka : structural devices and semantic implications / Marc Ecochard, Hautbois in Mersenne's Harmonie Universelle : tuning, classification, evolution / Paul J. White, The bass hautboy in the seventeenth century / Paul Hailperin, Copy - reconstruction - musical instrument / Paul J. White, Early bassoon reed designs / Geoffrey Burgess, Historical oboe reeds : avenues for further research or Now what do we do with all these measurements? / A bibliography of writings about the oboe and bassoon, 17th-19th centuries

=650  \0$aWoodwind instrument$1http://www.wikidata.org/entity/Q181247$94119
=650  \0$aOrganology$1http://www.wikidata.org/entity/Q899293$921400
=650  \0$aDouble reed$1http://www.wikidata.org/entity/Q29811838$922456
=942  \\$cBOO
=952  \\$00$10$2ddc$40$6INS_6D_LASO$70$8INS$910113$aORPH$bORPH$cKTS0$d2020-07-08$eKoopman$i22A39$l0$oINS6d LASO$p20125594$r2021-01-12 00:00:00$w2021-01-12$yBOO$OKoopman
=999  \\$d10125

