=LDR  01257acm a2200265   4500
=001  10126
=005  20250925143258.0
=008  230523s1961\\\\|||||a||\||||\00|\0\dut\d
=041  \\$adut
=100  \\$aHaydn, Joseph$d1732-1809$4cmp$1http://www.wikidata.org/entity/Q7349$94783
=240  \\$aKeyboard Concerto in D major, Hob.XVIII:11
=245  \\$aPianoconcert van Joseph Haydn$bop. 21
=260  \\$aAmsterdam$bDonemus$c1961
=500  \\$aKaft los
=648  \0$1http://www.wikidata.org/entity/Q7015$a18th Century (1701-1800)$920899
=648  \0$1http://www.wikidata.org/entity/Q6927$a20th Century (1901-2000)$920936
=650  \0$1http://www.wikidata.org/entity/Q9748$aConcerto$921817
=650  \0$1http://www.wikidata.org/entity/Q52954$aKeyboard instrument$92849
=650  \0$1http://www.wikidata.org/entity/Q379755$aArrangement$94282
=651  \0$1http://www.wikidata.org/entity/Q40$aAustria$9202
=651  \0$1http://www.wikidata.org/entity/Q55$aNetherlands$9173
=700  \\$1http://www.wikidata.org/entity/Q195114$4arr$aPijper, Willem$d1894-1947$913279
=942  \\$cSCO
=952  \\$00$10$2ddc$40$6SCO_HAYD1$70$8SCO$910114$aORPH$bORPH$cKTS1_P$d2020-07-08$eKoopman$iWG.1608$l0$oSCO HAYD1$p20124035$r2021-01-12 00:00:00$w2021-01-12$ySCO$OW.1608
=999  \\$d10126

