=LDR  00813aam a2200181   4500
=001  10127
=008  240422s1988\\\\|||o||||\||||\00|\0\dut\d
=041  \\$adut
=100  \\$aPijzel-Dommisse, Jet$4aut$913281
=245  \\$aHet poppenhuis van het Haags Gemeentemuseum
=260  \\$aThe Hague$bHaags Gemeentemuseum$c1988
=600  \0$aRothé, Sara$d1699-1751$1http://www.wikidata.org/entity/Q2795414$940570
=648  \0$a18th Century (1701-1800)$1http://www.wikidata.org/entity/Q7015$920899
=650  \0$aChild$1http://www.wikidata.org/entity/Q7569$92175
=650  \0$aInterior design$1http://www.wikidata.org/entity/Q179232$921367
=942  \\$cBOO
=952  \\$00$10$2ddc$40$6VIS_PIJZ$70$8VIS$910115$aORPH$bORPH$cKTS1_H$d2020-07-08$eKoopman$i18C24$l0$oVIS PIJZ$p20127078$r2021-01-12 00:00:00$w2021-01-12$yBOO$OKoopman
=999  \\$d10127

