=LDR  01284cam a2200301 a 4500
=001  10128
=005  20250707122707.0
=008  010104s2000\\\\ne\a\\\\\b\\\\001\0\eng\c
=020  \\$a9040094810
=040  \\$aOI
=041  0\$adut$beng
=042  \\$apcc
=043  \\$ae-ne---
=100  \\$aPijzel-Dommisse, Jet$913281$4aut
=245  14$aHet Hollandse pronkpoppenhuis:$binterieur en huishouden in de 17de en 18de eeuw
=260  \\$aZwolle$bWaanders$c2000
=300  \\$a447 pages$billustrations (some color)$c30 cm
=500  \\$aDoctoral dissertation, Universiteit Leiden, 2000
=504  \\$aIncludes bibliographical references (p. 425-436) and index.
=546  \\$aSummary in English.
=648  \0$a17th Century (1601-1700)$1http://www.wikidata.org/entity/Q7016$920923
=648  \0$a18th Century (1701-1800)$1http://www.wikidata.org/entity/Q7015$920899
=650  \0$aDollhouse$1http://www.wikidata.org/entity/Q1355866$93564
=650  \0$aInterior design$1http://www.wikidata.org/entity/Q179232$921367
=651  \0$aNetherlands$1http://www.wikidata.org/entity/Q55$9173
=942  \\$cBOO
=952  \\$00$10$2ddc$40$6TOP_NL_5_000000000000000$70$8TOP$910116$aORPH$bORPH$cKTS0$d2020-07-08$eKoopman$i32B46$l0$oTOP NL 5$p20122920$r2021-01-12 00:00:00$w2021-01-12$yBOO$OKoopman
=999  \\$d10128

