=LDR  01456cam a2200301 a 4500
=001  10129
=005  20251003085458.0
=008  890419s1989\\\\inu\\\\\\bc\\\001\0\eng\d
=041  \\$aeng
=100  \\$aPilkington, Michael$d1929-2025$4aut$913282
=245  10$aCampion, Dowland, and the Lutenist Songwriters
=260  \\$aBloomington, IN$bIndiana University Press$c1989
=300  \\$ax-179 pages
=490  1\$aEnglish Solo Song Guides to the Repertoire
=500  \\$aIncludes indexes.
=504  \\$aBibliography: p. 165-167.
=600  \0$aCampion, Thomas$d1567-1620$1http://www.wikidata.org/entity/Q455618$910089
=600  \0$aDowland, John$d1563?-1626$1http://www.wikidata.org/entity/Q207355$921458
=648  \0$a17th Century (1601-1700)$1http://www.wikidata.org/entity/Q7016$920923
=648  \0$a16th Century (1501-1600)$1http://www.wikidata.org/entity/Q7017$920944
=650  \0$aSong$1http://www.wikidata.org/entity/Q7366$94164
=650  \0$aBibliography$1http://www.wikidata.org/entity/Q134995$93965
=650  \0$aCatalogue$1http://www.wikidata.org/entity/Q2352616$1http://www.wikidata.org/entity/Q6941730$921484
=650  \0$aLute$1http://www.wikidata.org/entity/Q180733$93944
=651  \0$aUnited Kingdom$1http://www.wikidata.org/entity/Q21$9273
=942  \\$cBOO
=952  \\$00$10$2ddc$40$6TOP_GB_4_000000000000000$70$8TOP$910117$aORPH$bORPH$cKTS0$d2020-07-08$eKoopman$i38D08$oTOP GB 4$p20122401$r2021-01-12 00:00:00$w2021-01-12$yBOO
=999  \\$d10129

