=LDR  01229cam a22002774a 4500
=001  10130
=005  20250821151444.0
=008  090626s2009\\\\fr\\\\\\\bd\\\001\0cfre\\
=020  \\$a9782858295265
=040  \\$aOI
=041  \\$afre
=100  \\$aPinaud, Pierre-François$d-1951$4aut$913284
=245  14$aLes musiciens francs-maçons, au temps de Louis XVI de Paris à Versailles :$bhistoire et dictionnaire biographique
=260  \\$aParis$bVéga$c2009
=300  \\$a347 pages$c22 cm
=490  0\$aUnivers maçonnique
=504  \\$aIncludes bibliographical references (p. [303]-321) and index.
=648  \0$a18th Century (1701-1800)$1http://www.wikidata.org/entity/Q7015$920899
=650  \0$aFreemasonry$1http://www.wikidata.org/entity/Q41726$926207
=650  \0$aMusician$1http://www.wikidata.org/entity/Q639669$93574
=650  \0$aMusic history$1http://www.wikidata.org/entity/Q846047$921373
=650  \0$aBiography$1http://www.wikidata.org/entity/Q36279$91927
=651  \0$aFrance$1http://www.wikidata.org/entity/Q142$9131
=942  \\$cBOO
=952  \\$00$10$2ddc$40$6TOP_FR_5_000000000000000$70$8TOP$910118$aORPH$bORPH$cKTS0$d2020-07-08$eKoopman$i46E18$oTOP FR 5$p20126949$r2021-01-12 00:00:00$w2021-01-12$yBOO
=999  \\$d10130

