=LDR  00374    a2200109   4500
=001  10131
=100  \\$aPincherle, Marc$d1888-1974$916671
=245  \\$aCorelli et son temps
=260  \\$c1954
=942  \\$cBOO
=952  \\$00$10$2ddc$40$6BIO_CORE_D$70$8BIO$910119$aORPH$bORPH$cKTS1_P$d2020-07-08$eKoopman$i41A28$oBIO CORE d$p20120187$r2021-01-12 00:00:00$w2021-01-12$yBOO$OKoopman
=999  \\$c10131$d10131

