=LDR  01394cam a2200277   4500
=001  10132
=008  730424s1972\\\\ne\\\\\\\\\\\\000\0\eng\|
=041  \\$aeng
=100  \\$aPineas, Rainer$d-1930$4aut$1http://www.wikidata.org/entity/Q93252379$913286
=245  10$aTudor and Early Stuart Anti-Catholic Drama
=260  \\$aNieuwkoop$bDe Graaf$c1972
=300  \\$a48 pages$c25 cm
=490  \\$aBibliotheca humanistica & reformatorica$v5
=610  \0$aHouse of Tudor$1http://www.wikidata.org/entity/Q101978$922790
=610  \0$aHouse of Stuart$1http://www.wikidata.org/entity/Q179840$922791
=648  \0$a16th Century (1501-1600)$1http://www.wikidata.org/entity/Q7017$920944
=648  \0$a17th Century (1601-1700)$1http://www.wikidata.org/entity/Q7016$920923
=650  \0$aPlay (theater)$1http://www.wikidata.org/entity/Q25379$921414
=650  20$aCatholicism$1http://www.wikidata.org/entity/Q1841$921631
=650  20$aProtestantism$1http://www.wikidata.org/entity/Q23540$921012
=650  20$aCriticism$1http://www.wikidata.org/entity/Q17955$92252
=650  20$aTheater history$1http://www.wikidata.org/entity/Q1061140$94607
=651  \0$aUnited Kingdom$1http://www.wikidata.org/entity/Q21$9273
=942  \\$cBOO
=952  \\$00$10$2ddc$40$6TOP_GB_4_000000000000000$70$8TOP$910120$aORPH$bORPH$cKTS0$d2020-07-08$eKoopman$i43G42$oTOP GB 4$p20126759$r2021-01-12 00:00:00$w2021-01-12$yBOO
=999  \\$d10132

