=LDR  00404    a2200121   4500
=001  10134
=020  \\$a9789078653264
=100  \\$aPiotrovsky, Michail$913289
=245  \\$aRubens, Van Dyck & Jordaens
=260  \\$c2011
=942  \\$cBOO
=952  \\$00$10$2ddc$40$6BIO_RUBE_A$70$8BIO$910122$aORPH$bORPH$cKTS1_P$d2020-07-08$eKoopman$i41E24$oBIO RUBE a$p20122089$r2021-01-12 00:00:00$w2021-01-12$yBOO$OKoopman
=999  \\$c10134$d10134

