=LDR  00377    a2200109   4500
=001  10135
=100  \\$aPirro, André$d1869-1943$97620
=245  \\$aDescartes et la musique
=260  \\$c1907
=942  \\$cBOO
=952  \\$00$10$2ddc$40$6PHI_DESC_B_PIRR$70$8PHI$910123$aORPH$bORPH$cKM12_3_2$d2020-07-08$eKoopman$i43C25$oPHI DESC b PIRR$p20132934$r2021-01-12 00:00:00$w2021-01-12$yBOO
=999  \\$c10135$d10135

