=LDR  02087cam a2200385 a 4500
=001  10137
=005  20251028143814.0
=008  810402s1982\\\\\\\afg\\\b\\\\001\0\eng\\
=041  \\$aeng
=245  10$aMusic and Theatre from Poliziano to Monteverdi
=260  \\$aCambridge$aNew York$bCambridge University Press$c1982
=300  \\$axi-392 pages
=490  \\$aCambridge Studies in Music
=504  \\$aIncludes bibliographical references and index.
=505  \\$gpart I: Studies in the music of the renaissance theatre -- part II: Origins and aspects of Italian scenography (from the end of the fifteenth century to the Florentine intermedi of 1589)
=534  \\$aLi Due Orfei$cTurin, Eri, 1969
=600  \0$aOrpheus$1http://www.wikidata.org/entity/$911156
=600  \0$aMonteverdi, Claudio$d1567-1643$1http://www.wikidata.org/entity/Q53068$910794
=600  \0$aPoliziano, Angelo$d1454-1494$tOrfeo.$1http://www.wikidata.org/entity/Q250414$913295
=648  \0$a16th Century (1501-1600)$1http://www.wikidata.org/entity/Q7017$920944
=648  \0$a15th Century (1401-1500)$1http://www.wikidata.org/entity/Q7018$921015
=648  \0$a17th Century (1601-1700)$1http://www.wikidata.org/entity/Q7016$920923
=650  \0$aOpera$1http://www.wikidata.org/entity/Q1344$92468
=650  \0$aScenography$1http://www.wikidata.org/entity/Q737201$921278
=650  \0$aStaging$1http://www.wikidata.org/entity/Q3508687$922118
=650  \0$aMusic theater$1http://www.wikidata.org/entity/Q96394452$92065
=650  \0$aMusic history$1http://www.wikidata.org/entity/Q846047$921373
=651  \0$aItaly$1http://www.wikidata.org/entity/Q38$922
=700  \\$aPirrotta, Nino$d1908-1998$4aut$1http://www.wikidata.org/entity/Q1993120$913293
=700  \\$aPovoledo, Elena$d1920-2013$4aut$1http://www.wikidata.org/entity/Q59532782$913296
=700  \\$aEales, Karen$4trl$922676
=765  \\$aLi due Orfei
=942  \\$cBOO
=952  \\$00$10$2ddc$40$6TOP_IT_4_000000000000000$70$8TOP$910125$aORPH$bORPH$cKTS0$d2020-07-08$eKoopman$i31A30$oTOP IT 4$p20121144$r2021-01-12 00:00:00$w2021-01-12$yBOO
=999  \\$d10137

