=LDR  00853nam a2200229 a 4500
=001  10138
=005  20250120115945.0
=008  870414s1986\\\\ge\af\\\\\\\\\001\0ager\\
=020  \\$a3373000203
=040  \\$aOI
=100  \\$aPischner, Hans$913297
=245  10$aPremieren eines Lebens :$bAutobiographie /$cHans Pischner.
=250  \\$a1. Aufl.
=260  \\$aBerlin :$bVerlag der Nation,$c1986.
=300  \\$a476 p., [80] p. of plates :$bill. ;$c21 cm.
=500  \\$aIncludes index.
=600  \0$aPischner, Hans$913297
=650  \0$aHarpsichord$1http://www.wikidata.org/entity/Q81982$92125
=942  \\$cBOO
=952  \\$00$10$2ddc$40$6BIO_PISC_A$70$8BIO$910126$aORPH$bORPH$cKTS1_P$d2020-07-08$eKoopman$i44D32$oBIO PISC a$p20126607$r2021-01-12 00:00:00$w2021-01-12$yBOO$OKoopman
=999  \\$c10138$d10138
=651  \0$aGermany$1http://www.wikidata.org/entity/Q183$9155

