=LDR  01850cam a2200325 a 4500
=001  10140
=005  20251023112939.0
=008  950418s1988\\\\\\\cf\\\\b\\\\001\0cita\d
=041  \\$aita
=100  \\$aPitoni, Giuseppe Ottavio$d1657-1743$4aut$1http://www.wikidata.org/entity/Q1528547$97262
=245  10$aNotitia de' contrapuntisti e compositori di musica
=260  \\$aFlorence$bOlschki$c1988
=300  \\$aL-387-[2] pages
=490  \\$aStudi e testi per la storia della musica$v6
=500  \\$aAt head of cover title: Provincia di Rieti.
=500  \\$aPitoni was an Italian organist and composer. He became one of the leading musicians in Rome during the late Baroque era, the first half of the 18th century. 
=500  \\$aTo complement his theoretical work, Pitoni compiled this historiographical work: Notes of Counterpointists and Composers of Music from the Christian Era 1000 to 1700, the first attempt at a bio-bibliographical dictionary of musicians, which remained in manuscript form but is now available in this modern edition.
=504  \\$aBibliography: p. xliii-xlviii.
=534  \\$aWritten c. 1725
=648  \0$a18th Century (1701-1800)$1http://www.wikidata.org/entity/Q7015$920899
=650  \0$aMusic history$1http://www.wikidata.org/entity/Q846047$921373
=650  \0$aBiography$1http://www.wikidata.org/entity/Q36279$91927
=650  \0$aComposer$1http://www.wikidata.org/entity/Q36834$93625
=650  \0$aHistoriography$1http://www.wikidata.org/entity/Q50675$921801
=651  \0$aItaly$1http://www.wikidata.org/entity/Q38$922
=651  \0$aEurope$1http://www.wikidata.org/entity/Q46$991
=700  \\$aRuini, Cesarino$4edt$913687
=942  \\$cBOO
=952  \\$00$10$2ddc$40$6TOP_IT$70$8TOP$910128$aORPH$bORPH$cKTS0$d2020-07-08$eKoopman$i47F35$l0$oTOP IT$p20123816$r2021-01-12 00:00:00$w2021-01-12$yBOO$OKoopman
=999  \\$d10140

