=LDR  00928cam a2200229 a 4500
=001  10142
=005  20250120120044.0
=008  021010s2002\\\\sp\a\\\\\bkq\\000\0dcat\\
=020  \\$a8495694506
=040  \\$aOI
=100  \\$aPizà, Antoni.$913302
=245  10$aAntoni Literes :$bintroducció a la seva obra /$cAntonio Pizà.
=250  \\$a1. ed.
=260  \\$aPalma :$bEdicions Documenta Balear,$c2002.
=300  \\$a162 p. :$bill. ;$c21 cm.
=504  \\$a"Catàleg d'obres": p. 113-119.
=504  \\$aIncludes discography (p. 139-145), videography (p. 146), and bibliographical references (p. 153-162).
=600  \0$aLliteres, Antoni$d1673-1747$1http://www.wikidata.org/entity/Q606020$912432
=942  \\$cBOO
=952  \\$00$10$2ddc$40$6BIO_LITE_D$70$8BIO$910130$aORPH$bORPH$cKTS1_P$d2020-07-08$eKoopman$i43B12$l0$oBIO LITE d$p20127240$r2021-01-12 00:00:00$w2021-01-12$yBOO$OKoopman
=999  \\$c10142$d10142
=490  \\$aMenjavents ;$v44

