=LDR  01264cam a2200265 a 4500
=001  10143
=008  880705s1986\\\\fr\ag\\\\b\\\\000\0\fre\\
=020  \\$a2905053240
=041  \\$afre
=100  \\$aPlace, Adélaïde de$4aut$925692
=245  13$aLe piano-forte à Paris entre 1760 et 1822
=260  \\$aParis$bAux Amateurs de livres$c1986
=300  \\$a383 pages$billustrations, music$c22 cm
=490  \\$aDomaine musicologique$v2
=500  \\$a"Catalogue des œuvres pour piano-forte publiées à Paris entre 1788 et 1822": p. [199]-[377]
=504  \\$aBibliography: p. [187]-195.
=648  \0$a18th Century (1701-1800)$1http://www.wikidata.org/entity/Q7015$920899
=648  \0$a19th Century (1801-1900)$1http://www.wikidata.org/entity/Q6955$920935
=650  \0$aMusic history$1http://www.wikidata.org/entity/Q846047$921373
=650  \0$aKeyboard music$1http://www.wikidata.org/entity/Q105715630$921412
=650  \0$aPiano$1http://www.wikidata.org/entity/Q5994$92127
=651  \0$aParis (France)$1http://www.wikidata.org/entity/Q90$9160
=942  \\$cBOO
=952  \\$00$10$2ddc$40$6INS_3_000000000000000_3A_FR_PAR$70$8TOP$910131$aORPH$bORPH$cKTS0$d2020-07-08$eKoopman$i19B46$l0$oINS3.3a FR.PAR$p20125074$r2021-01-12 00:00:00$w2021-01-12$yBOO$OKoopman
=999  \\$d10143

