=LDR  01499cam a2200313 a 4500
=001  10145
=005  20250121142126.0
=008  860723s1986\\\\ne\a\\\\\b\\\\000\0\dut\\
=020  \\$a9070591162 :$cfl 22.00
=040  \\$aOI
=041  \\$adut
=100  \\$aKersteman, Franciscus Lievens$d1728-1793?$4aut$913307
=245  10$aNieuws tyding uit de andere waereld,$bof Samenspraak tusschen den beroemden schilder en schryver Jacob Campo Weyerman en den beruchten doctor en astrologist Ludeman
=260  \\$aDeventer$bSub Rosa$c1986
=300  \\$axxx-48 pages$billustrations$c24 cm
=490  \\$aDeventer drukken$v3
=504  \\$aBibliography: p. xxvi-xxix.
=534  \\$aOriginally published in 1768
=590  \\$auitgegeven, ingeleid en toegelicht door Arno van der Plank ; illustraties, Kiki van Brakel-van der Plank.
=600  \0$aWeyerman, Jacob Campo$d1677-1747$1http://www.wikidata.org/entity/Q2929721$97538
=600  \0$aLüdemann, Johann Christophorus$d1683-1757$924304
=648  \0$a18th Century (1701-1800)$1http://www.wikidata.org/entity/Q7015$920899
=650  \0$aHermeticism$1http://www.wikidata.org/entity/Q192933$94602
=651  \0$aNetherlands$1http://www.wikidata.org/entity/Q55$9173
=700  \\$aPlank, A. N. W. van der$4edt$4win$913309
=700  \\$aBrakel-Van der Plank, Kiki$4ill$913310
=942  \\$cBOO
=952  \\$00$10$2ddc$40$6HUM_KERS$70$8HUM$910133$aORPH$bORPH$cKTS1_P$d2020-07-08$eKoopman$i24E50$oHUM KERS$p20125907$r2021-01-12 00:00:00$w2021-01-12$yBOO
=999  \\$d10145

