=LDR  00906aam a2200205   4500
=001  10146
=008  240611s1994\\\\||||||||\||||\00|\0\ger\d
=041  \\$ager
=100  \\$aPlanyavsky, Alfred$4aut$913311
=245  \\$aDer Violone bei Biber
=260  \\$aVienna$bs.n.$c1994
=500  \\$aPhotocopy
=590  \\$aReferat gehalten am 12. April 1994 im Mozarteum Salzburg zum 21. ESTA-kongreß
=600  \0$aBiber, Heinrich Ignaz Franz$d1644-1704$1http://www.wikidata.org/entity/Q153455$99605
=648  \0$a17th Century (1601-1700)$1http://www.wikidata.org/entity/Q7016$920923
=650  \0$aViolin$1http://www.wikidata.org/entity/Q8355$92783
=650  \0$aInstrumentation$1http://www.wikidata.org/entity/Q617028$923032
=942  \\$cEPH
=952  \\$00$10$2ddc$40$6BIO_BIBE_C$70$8BIO$910134$aORPH$bORPH$cKTS1_P$d2020-07-08$eKoopman$i19A61$oBIO BIBE c$p20125122$r2021-01-12 00:00:00$w2021-01-12$yBOO$OKoopman
=999  \\$d10146

