=LDR  01034aam a2200229   4500
=001  10147
=005  20250920142456.0
=008  231113s1989\\\\gw\af|||\||||\00|\0\ger\d
=041  \\$ager
=100  \\$aPlanyavsky, Alfred$4aut$913311
=245  \\$aDer Barockkontrabaß Violone
=260  \\$c1989$aSalzburg$bWiener Kontrabass-Archiv
=300  \\$a112 pages
=590  \\$aDem Gedenken an Giovanni Bottesini, der vor 100 Jahren gestorben ist
=648  \0$a17th Century (1601-1700)$1http://www.wikidata.org/entity/Q7016$920923
=648  \0$a18th Century (1701-1800)$1http://www.wikidata.org/entity/Q7015$920899
=650  \0$aDouble bass$1http://www.wikidata.org/entity/Q80019$921734
=650  \0$aViolone$1http://www.wikidata.org/entity/Q667047$921878
=650  \0$aOrganology$1http://www.wikidata.org/entity/Q899293$921400
=942  \\$cBOO
=952  \\$00$10$2ddc$40$6INS_4_000000000000000_4D_PLAN$70$8INS$910135$aORPH$bORPH$cKTS0$d2020-07-08$eKoopman$i23A15$l0$oINS4.4d PLAN$p20128502$r2021-01-12 00:00:00$w2021-01-12$yBOO$OKoopman
=999  \\$d10147

