=LDR  00388    a2200121   4500
=001  10148
=020  \\$a9783902667151
=100  \\$aPlanyavsky, Peter$915936
=245  \\$aAnton Heiller
=260  \\$c2009
=942  \\$cBOO
=952  \\$00$10$2ddc$40$6BIO_HEIL_D$70$8BIO$910136$aORPH$bORPH$cKTS1_P$d2020-07-08$eKoopman$i25A15$oBIO HEIL d$p20129155$r2021-01-12 00:00:00$w2021-01-12$yBOO$OKoopman
=999  \\$c10148$d10148

