=LDR  01239    a2200265   4500
=001  10149
=005  20250926134856.0
=008  210708e1982\\\\\\\||ld|\||||\00|\0\ger\d
=040  \\$aMB
=041  \\$ager
=100  \\$aBach, Johann Sebastian$d1685-1750$4cmp$1http://www.wikidata.org/entity/Q1339$94766
=245  \\$aKritischer Bericht: Lutherische Messen und einzelne Messensätze
=260  \\$c1982$aGermany$bBärenreiter
=300  \\$a2 vols. (xi-333-[1]+224 pages)$bmusic
=336  \\$aprinted
=490  \\$aNeue Ausgabe Sämtlicher Werke$vSerie II: Messen, Passionen, oratorische Werke 2
=648  \0$a18th Century (1701-1800)$1http://www.wikidata.org/entity/Q7015$920899
=650  \0$aLute$1http://www.wikidata.org/entity/Q180733$93944
=650  \0$aMass$1http://www.wikidata.org/entity/Q217295$92735
=651  \0$aGermany$1http://www.wikidata.org/entity/Q183$9155
=700  \\$4edt$aPlaten, Emil$d-1925$1http://www.wikidata.org/entity/Q1336660$921885
=700  \\$4edt$aHelms, Marianne$d-1936$1http://www.wikidata.org/entity/Q47501279$921848
=942  \\$cSCO
=952  \\$00$10$2ddc$40$6SCO_BACH1$70$8SCO$910137$aORPH$bORPH$cKTS1_P$d2020-07-08$eKoopman$i29A01$l0$oSCO BACH1$p20123504$r2021-01-12 00:00:00$yTYPE_UNK
=999  \\$c10149$d10149

