=LDR  00411    a2200109   4500
=001  10151
=100  \\$aPlato$d428/427-348/347 BC $1http://www.wikidata.org/entity/Q859$913315
=245  \\$aPlato, keur uit zijn werken
=260  \\$c1959
=942  \\$cBOO
=952  \\$00$10$2ddc$40$6PHI_PLAT_A$70$8PHI$910139$aORPH$bORPH$cKM12_3_2$d2020-07-08$eKoopman$i40F01$oPHI PLAT a$p20122274$r2021-01-12 00:00:00$w2021-01-12$yBOO
=999  \\$c10151$d10151

