=LDR  00392    a2200109   4500
=001  10152
=100  \\$aPlato$d428/427-348/347 BC $1http://www.wikidata.org/entity/Q859$913315
=245  \\$aDialogen
=260  \\$c1964
=942  \\$cBOO
=952  \\$00$10$2ddc$40$6PHI_PLAT_A$70$8PHI$910140$aORPH$bORPH$cKM12_3_2$d2020-07-08$eKoopman$i40F05$oPHI PLAT a$p20130275$r2021-01-12 00:00:00$w2021-01-12$yBOO
=999  \\$c10152$d10152

