=LDR  00913    a2200217   4500
=001  10153
=008  210819s1960\\\\||||||||\||||\00|\0\dut\d
=041  \\$adut$hgrc
=100  \\$aPlato$d428/427-348/347 BC $4aut$1http://www.wikidata.org/entity/Q859$913315
=245  \\$aGorgias en Socrates:$been gesprek in Athene 2350 jaar geleden
=250  \\$a1st ed.
=260  \\$aThe Hague$bBert Bakker$bDaamen$c1960
=300  \\$a208 pages
=490  \\$aOoievaar$v116
=590  \\$aNederlands van Dr. Jan van Gelder
=648  \0$aClassical Antiquity (8th Century BC-6th Century AD)$1http://www.wikidata.org/entity/Q486761$921435
=650  \0$aPhilosophy$1http://www.wikidata.org/entity/Q5891$92357
=700  \\$4trl$aGelder, Jan van$919674
=942  \\$cBOO
=952  \\$00$10$2ddc$40$6PHI_PLAT_A$70$8PHI$910141$aORPH$bORPH$cKM12_3_2$d2020-07-08$eKoopman$i40F06$oPHI PLAT a$p20122265$r2021-01-12 00:00:00$w2021-01-12$yBOO
=999  \\$d10153

