=LDR  02131    a2200277   4500
=001  10155
=008  210413i19591965\\\|||||\||||\00|\0\ger\d
=041  \\$ager$hgrc
=100  \\$aPlato$d428/427-348/347 BC $4aut$1http://www.wikidata.org/entity/Q859$913315
=245  \\$aSämtliche Werke
=260  \\$aReinbek$bRowohlt$c1965
=490  \\$aRowohlts Klassiker der Literatur und Wissenschaft: Griechische Philosophie$v1-6
=505  \\$avol. 1: Apologie -- Kriton -- Protagoras -- Hippias II -- Charmides -- Laches -- Ion -- Euthyphron -- Gorgias -- Briefe
vol. 2: Menon -- Hippias I -- Euthydemos -- Menexenos -- Kratylos -- Lysis -- Symposion
vol. 3: Phaidon -- Politeia
vol. 4: Phaidros -- Parmenides -- Theaitetos -- Sophistes
vol. 5: Politikos -- Philebos -- Timaios -- Kritias
vol. 6: Nomoi
=700  \\$4trl$aSchleiermacher, Friedrich$d1768-1834$921227
=700  \\$4edt$aOtto, Walter F.$921228
=700  \\$4trl$aGrassi, Ernesto$921229
=700  \\$4edt$aPlamböck, Gert$921231
=942  \\$cBOO
=952  \\$00$10$2ddc$3vol. 1$40$6PHI_PLAT_A$70$8PHI$910143$aORPH$bORPH$cKM12_3_2$d2020-07-08$eKoopman$i40F02 1$oPHI PLAT a$p20122273$r2021-01-12 00:00:00$w2021-01-12$yBOO
=952  \\$00$10$2ddc$3vol. 2$40$6PHI_PLAT_A$70$8PHI$910144$aORPH$bORPH$cKM12_3_2$d2020-07-08$eKoopman$i40F02 2$oPHI PLAT a$p20122272$r2021-01-12 00:00:00$w2021-01-12$yBOO
=952  \\$00$10$2ddc$3vol. 3$40$6PHI_PLAT_A$70$8PHI$910145$aORPH$bORPH$cKM12_3_2$d2020-07-08$eKoopman$i40F02 3$oPHI PLAT a$p20122271$r2021-01-12 00:00:00$w2021-01-12$yBOO
=952  \\$00$10$2ddc$3vol. 4$40$6PHI_PLAT_A$70$8PHI$910146$aORPH$bORPH$cKM12_3_2$d2020-07-08$eKoopman$i40F02 4$oPHI PLAT a$p20122270$r2021-01-12 00:00:00$w2021-01-12$yBOO
=952  \\$00$10$2ddc$3vol. 5$40$6PHI_PLAT_A$70$8PHI$910147$aORPH$bORPH$cKM12_3_2$d2020-07-08$eKoopman$i40F02 5$oPHI PLAT a$p20122269$r2021-01-12 00:00:00$w2021-01-12$yBOO
=952  \\$00$10$2ddc$3vol. 6$40$6PHI_PLAT_A$70$8PHI$910148$aORPH$bORPH$cKM12_3_2$d2020-07-08$eKoopman$i40F02 6$oPHI PLAT a$p20122268$r2021-01-12 00:00:00$w2021-01-12$yBOO
=999  \\$c10155$d10155
=650  \0$aPhilosophy$1http://www.wikidata.org/entity/Q5891$92357

