=LDR  01080acm a2200241   4500
=001  10161
=008  230331s1995\\\\|||||l||\||||\00|\0\mul\d
=020  \\$a3-921946-01-8
=041  \\$ager$dlat
=059  \\$a2S2A2T2B bc
=100  \\$aPlattner, Augustin$d1585-1626$4cmp$1http://www.wikidata.org/entity/Q94907894$913317
=245  \\$aAcht doppelchörige Messen (1624)
=260  \\$aMunich$bStrube$c1995
=490  \\$aDenkmäler der Musik in Baden-Württemberg$v3
=648  \0$a17th Century (1601-1700)$1http://www.wikidata.org/entity/Q7016$920923
=650  \0$aMass$1http://www.wikidata.org/entity/Q217295$92735
=650  \0$aCatholicism$1http://www.wikidata.org/entity/Q1841$921631
=650  \0$aPolychorality$1http://www.wikidata.org/entity/Q2140842$923012
=651  \0$aBaden-Württemberg (Germany)$1http://www.wikidata.org/entity/Q985$922802
=700  \\$4edt$aTraub, Andreas$926000
=942  \\$cSCO
=952  \\$00$10$2ddc$40$6SCO_PLAT$70$8SCO$910149$aORPH$bORPH$cKTS1_P$d2020-07-08$eKoopman$iWG.1509$l0$oSCO PLAT$p20124042$r2021-01-12 00:00:00$w2021-01-12$ySCO$OW.1509
=999  \\$d10161

