=LDR  00696    a2200193   4500
=001  10162
=003  OI
=005  20250120120303.0
=008  210224b\\\\\\\\be\|||||\||||\00|\0\eng\d
=040  \\$aBF
=100  \\$aPlautus, Titus Maccius$d250 BC-164 BC$4aut$1http://www.wikidata.org/entity/Q47160$94887
=245  \\$aDe bluffer; de leugenaar
=260  \\$c1966$bDe Haan; Standaard Boekhandel
=300  \\$a159 p.
=700  \\$aHemelrijk, J.$eTranslator$920836
=942  \\$cBOO$2ddc
=952  \\$00$10$2ddc$40$6LIT_PLAU_A$70$8LIT$910150$aORPH$bORPH$cKM12_2_H$d2020-07-08$eKoopman$i40F16$oLIT PLAU a$p20120238$r2021-01-12 00:00:00$w2021-01-12$yBOO
=999  \\$c10162$d10162
=490  \\$aPhoenix Klassieke pocket serie

