=LDR  01272aam a2200241   4500
=001  10166
=008  231005s1982\\\\||||||||\||||\00|\0\dut\d
=020  \\$a9062835937
=041  \\$adut
=100  \\$aPleij, H.$4aut$913321
=245  \\$aDe wereld volgens Thomas van der Noot, $bboekdrukker en uitgever te Brussel in het eerste kwart van de zestiende eeuw
=260  \\$aMuiderberg$bCoutinho$c1982
=300  \\$a86 pages
=500  \\$aRede uitgesproken bij de aanvaarding van het ambt van gewoon hoogleraar in de historische Nederlandse letterkunde aan de Universiteit van Amsterdam op 8 november 1982.
=600  \0$1http://www.wikidata.org/entity/Q7795546$avan der Noot, Thomas$d1475-1525$926569
=648  \0$a16th Century (1501-1600)$1http://www.wikidata.org/entity/Q7017$920944
=650  \0$1http://www.wikidata.org/entity/Q571$aBook$92285
=650  \0$1http://www.wikidata.org/entity/Q11034$aPrinting$921936
=650  \0$1http://www.wikidata.org/entity/Q3972943$aPublishing$93049
=651  \0$aBrussels (Belgium)$1http://www.wikidata.org/entity/Q239$937
=942  \\$cBOO
=952  \\$00$10$2ddc$40$6BIB_4_000000000000000_BE_BRU1$70$8BIB$910154$aORPH$bORPH$cKTS0$d2020-07-08$eKoopman$i22D60$l0$oBIB4 BE.BRU1$p20128420$r2021-01-12 00:00:00$w2021-01-12$yBOO$OKoopman
=999  \\$d10166

