=LDR  01585aam a2200253   4500
=001  10169
=005  20251003085458.0
=008  211106s1973\\\\\\\g||||\c|||\00|\0\lat\d
=041  \\$alat$acze
=100  \\$aPlocek, V.$4aut$913323
=245  \\$aCatalogus Codicum Notis Musicis Instructorum qui in Bibliotheca publica rei publicæ Bohemicæ socialisticæ in Bibliotheca universitatis Pragensis servantur
=246  \1$aCatalogus Codicum Notis Musicis Instructorum qui in Bibliotheca publica rei publicae Bohemicae socialisticae in Bibliotheca universitatis Pragensis servantur
=260  \\$aPrague$bAcademia sumptibus Academiae Scientiarum Bohemoslovacæ$c1973
=300  \\$a2 vols. (830 pages)$bwith incipits
=610  \0$aNárodní knihovna České republiky (Prague, Czech Republic)$1http://www.wikidata.org/entity/Q1967876$922729
=650  \0$aManuscript$1http://www.wikidata.org/entity/Q87167$92275
=650  \0$aCatalogue$1http://www.wikidata.org/entity/Q2352616$921484
=650  \0$aLibrary$1http://www.wikidata.org/entity/Q7075$94229
=650  \0$aVocal music$1http://www.wikidata.org/entity/Q685884$93319
=651  \0$aPrague (Czech Republic)$1http://www.wikidata.org/entity/Q1085$923092
=942  \\$cBOO
=952  \\$00$10$2ddc$3I$40$6BIB_4_000000000000000_CZ_PRA$70$8BIB$910157$aORPH$bORPH$cKTS0$d2020-07-08$eKoopman$i35A24$oBIB4 CZ.PRA$p20122533$r2021-01-12 00:00:00$w2021-01-12$yBOO
=952  \\$00$10$2ddc$3II$40$6BIB_4_000000000000000_CZ_PRA$70$8BIB$910158$aORPH$bORPH$cKTS0$d2020-07-08$eKoopman$i35A24$oBIB4 CZ.PRA$p20122532$r2021-01-12 00:00:00$w2021-01-12$yBOO
=999  \\$d10169

