=LDR  01442nam a2200313 a 4500
=001  10171
=005  20250121142126.0
=008  810806s1980\\\\ne\a\\\\\b\\\\001\0bdut\\
=020  \\$a902321756X :$cfl 62.50
=040  \\$aOI
=041  0\$adut$beng
=100  \\$aPloos van Amstel, G.$4aut$912307
=245  10$aPortret van een koopman en uitvinder, Cornelis Ploos van Amstel:$bmaatschappelijk, cultureel en familieleven van een achttiende-eeuwer
=260  \\$aAssen$bVan Gorcum$c1980
=300  \\$aviii-204 pages$billustrations$c26 cm
=500  \\$aSummary in English.
=500  \\$aIncludes index.
=504  \\$aBibliography: p. [196]-197.
=600  \0$aPloos van Amstel, Cornelis$d1726-1798$1http://www.wikidata.org/entity/Q2541552$913324
=648  \0$a18th Century (1701-1800)$1http://www.wikidata.org/entity/Q7015$920899
=650  \0$aTranslation$1http://www.wikidata.org/entity/Q7553$92492
=650  \0$aFine art$1http://www.wikidata.org/entity/Q219625$921579
=650  \0$aPatronage$1http://www.wikidata.org/entity/Q214092$94245
=650  \0$aBiography$1http://www.wikidata.org/entity/Q36279$91927
=650  \0$aCuckoo$1http://www.wikidata.org/entity/Q18845$922474
=651  \0$aNetherlands$1http://www.wikidata.org/entity/Q55$9173
=942  \\$cBOO
=952  \\$00$10$2ddc$40$6BIO_PLOO_D$70$8BIO$910159$aORPH$bORPH$cKTS1_P$d2020-07-08$eKoopman$i22E37$oBIO PLOO d$p20128868$r2021-01-12 00:00:00$w2021-01-12$yBOO$OKoopman
=999  \\$d10171

