=LDR  01039    a2200217   4500
=001  10173
=008  220429s1943\\\\||||||||\||||\00|\0\dut\d
=041  \\$adut
=100  \\$aPluym, Willem van der$d1879-1960$4aut$913325
=245  \\$aHet nederlandsche binnenhuis en zijn meubels$n[deel I]$p1450-1650
=260  \\$aAmsterdam$bde Lange$c1943
=490  \\$aHeemschut-serie$v4
=648  \0$a15th Century (1401-1500)$1http://www.wikidata.org/entity/Q7018$921015
=648  \0$a16th Century (1501-1600)$1http://www.wikidata.org/entity/Q7017$920944
=648  \0$a17th Century (1601-1700)$1http://www.wikidata.org/entity/Q7016$920923
=650  \0$aApplied arts$1http://www.wikidata.org/entity/Q2865882$921627
=650  \0$aInterior design$1http://www.wikidata.org/entity/Q179232$921367
=651  \0$aNetherlands$1http://www.wikidata.org/entity/Q55$9173
=942  \\$cBOO
=952  \\$00$10$2ddc$40$6TOP_NL_4_000000000000000$70$8TOP$910161$aORPH$bORPH$cKTS0$d2020-07-08$eKoopman$i43G20_01$oTOP NL 4$p20126787$r2021-01-12 00:00:00$w2021-01-12$yBOO
=999  \\$d10173

