=LDR  01539cam a22003133  4500
=001  10175
=005  20250925143258.0
=008  160317s1954\\\\ne\ae\\\\b\\\\000\0\dut\\
=040  \\$aOI
=041  \\$adut
=042  \\$apcc
=050  00$aNK2054$b.P55
=100  \\$aPluym, Willem van der$d1879-1960$1http://www.wikidata.org/entity/Q19754136$4aut$913325
=245  10$aVijf eeuwen binnenhuis en meubels in Nederland 1450-1950
=260  \\$aAmsterdam$bde Lange$c1954
=300  \\$a406 pages$billustrations, plans$c28 cm
=504  \\$aIncludes bibliographical references (pages 395-399) and index.
=648  \0$a15th Century (1401-1500)$1http://www.wikidata.org/entity/Q7018$921015
=648  \0$a16th Century (1501-1600)$1http://www.wikidata.org/entity/Q7017$920944
=648  \0$a17th Century (1601-1700)$1http://www.wikidata.org/entity/Q7016$920923
=648  \0$a18th Century (1701-1800)$1http://www.wikidata.org/entity/Q7015$920899
=648  \0$a19th Century (1801-1900)$1http://www.wikidata.org/entity/Q6955$920935
=648  \0$a20th Century (1901-2000)$1http://www.wikidata.org/entity/Q6927$920936
=650  \0$aInterior design$1http://www.wikidata.org/entity/Q179232$921367
=650  \0$aFurniture$1http://www.wikidata.org/entity/Q14745$927103
=651  \0$aNetherlands$1http://www.wikidata.org/entity/Q55$9173
=942  \\$cBOO
=952  \\$00$10$2ddc$40$6TOP_NL_4_000000000000000$70$8TOP$910163$aORPH$bORPH$cKTS0$d2020-07-08$eKoopman$i46G01$oTOP NL 4$r2021-01-12 00:00:00$w2021-01-12$xNieuwe barcode nodig: dubbel!$yBOO
=999  \\$d10175

