=LDR  01043    a2200217   4500
=001  10177
=008  221108s2011\\\\nl\f||||\||||\00|\0\dut\d
=041  \\$adut
=100  \\$aPoel, Cees van der$4aut$913327
=245  \\$aReconstructie. Twee eeuwen Hinsz-orgel in de Grote Kerk van Harlingen
=260  \\$c2011$aHilversum
=300  \\$a48 pages
=600  \0$aHinsz, Albertus Anthoni$d1705-1781$1http://www.wikidata.org/entity/Q109249831$925310
=610  \0$aGrote Kerk (Harlingen, Netherlands)$1http://www.wikidata.org/entity/Q2029199$925308
=650  \0$aOrgan$1http://www.wikidata.org/entity/Q1444$92810
=650  \0$aOrganology$1http://www.wikidata.org/entity/Q899293$921400
=650  \0$aChurch$1http://www.wikidata.org/entity/Q16970$93776
=651  \0$aHarlingen (Netherlands)$1http://www.wikidata.org/entity/Q60475$925309
=942  \\$cBOO
=952  \\$00$10$2ddc$40$6INS_3_000000000000000_1E_NL_HAR$70$8INS$910165$aORPH$bORPH$cKTS0$d2020-07-08$eKoopman$i42G22$l0$oINS3.1e NL.HAR$p20120026$r2021-01-12 00:00:00$w2021-01-12$yBOO$OKoopman
=999  \\$d10177

