=LDR  01174aas a2200169   4500
=001  10180
=008  240512s1960\\\\||||||||\||||\00|\0\ger\d
=041  \\$ager
=100  \\$aPohl, R.$913329$4edt
=245  \\$aZeitschrift des Aachener Geschichtsvereins$b72.Band Jahrgang 1960
=260  \\$aAachen$bAachener Geschichtsvereins$c1960
=505  \\$gR.Pohl: Die Messen des Johann Mangon -- R. Sietz: Die Niederrheinischen Musikfeste in Aachen in der ersten Hälfte des 19? Jahrhunderts -- W. Berens: Die Schenkung des Aachener Bürgers Pirkini an das Kloster Marienthal bei Huy im Jahre 1214 -- F.J. Lieck: Die Vorfahren des aus Aachen stammenden Klosterrather Abtes Mathias de Amezaga -- H. Bellé: Alfred von Reumont -- Besprechungen -- Vereinsberichte -- In Memoriam: Luise Freiin von Coels von der Brügghen (1870-1959). Peter Mennicken (1894-1960)
=650  \0$aHistory$1http://www.wikidata.org/entity/Q309$921403
=651  \0$aAachen (Germany)$1http://www.wikidata.org/entity/Q1017$925811
=942  \\$cPER
=952  \\$00$10$2ddc$40$6TOP_DE_AAC$70$8TOP$910168$aORPH$bORPH$cKTS0$d2020-07-08$eKoopman$i24F15$l0$oTOP DE.AAC$p20125879$r2021-01-12 00:00:00$w2021-01-12$yPER$OKoopman
=999  \\$d10180

