=LDR  00910    a2200193   4500
=001  10181
=008  220323s2007\\\\gw\f||||\||||\00|\0\ger\d
=041  \\$ager
=100  \\$aPöhlmann, Egert$4aut$913330
=245  \\$aFestschrift zur Einweihung der rekonstruierten Orgel von Johann Christoph Wiegleb (1738).$bIn der ehemaligen Hof- und Stiftskirche St. Gumbertus zu Ansbach am 17. Juni 2007
=260  \\$c2007$aAnsbach$bKirchengemeinde St. Gombertus
=300  \\$a80 pages
=336  \\$aprinted
=650  \0$aOrganology$1http://www.wikidata.org/entity/Q899293$921400
=650  \0$aOrgan$1http://www.wikidata.org/entity/Q1444$92810
=651  \0$aAnsbach (Germany)$1http://www.wikidata.org/entity/Q14859$923195
=942  \\$cBOO
=952  \\$00$10$2ddc$40$6INS_3_100000000000000_E_DE_ANS$70$8INS$910169$aORPH$bORPH$cKTS0$d2020-07-08$eKoopman$i29D07$oINS3.1 e DE.ANS$p20130336$r2021-01-12 00:00:00$w2021-01-12$yBOO
=999  \\$d10181

