=LDR  01339cam a2200265 a 4500
=001  10183
=005  20250120115933.0
=008  981113s1997\\\\au\a\\\\\bc\\\000\0\ger\\
=020  \\$a3852521297
=040  \\$aOI
=100  \\$aPokorny, Erwin$d1920-1973$1http://www.wikidata.org/entity/Q1363339$4edt$913332
=245  10$aMeisterzeichnungen des 16. und 17. Jahrhunderts$baus dem Kupferstichkabinett der Akademie der Bildenden Künste, Wien
=246  3\$aMeisterzeichnungen des sechzehnten und siebzehnten Jahrhunderts
=260  \\$aWeitra$bBibliothek der Provinz$c1997
=300  \\$a99 pages$billustrations (some color)$c27 cm
=490  \\$aPublication PN$v1
=504  \\$aIncludes bibliographical references (p. 94-96).
=610  \0$aAkademie der Bildenden Künste (Vienna, Austria)$1http://www.wikidata.org/entity/Q414219$91503
=648  \0$a16th Century (1501-1600)$1http://www.wikidata.org/entity/Q7017$920944
=648  \0$a17th Century (1601-1700)$1http://www.wikidata.org/entity/Q7016$920923
=650  \0$aFine art$1http://www.wikidata.org/entity/Q219625$921579
=651  \0$aVienna (Austria)$1http://www.wikidata.org/entity/Q1741$920937
=942  \\$cBOO
=952  \\$00$10$2ddc$40$6VIS_POKO$70$8VIS$910171$aORPH$bORPH$cKTS1_H$d2020-07-08$eKoopman$i21A46$l0$oVIS POKO$p20128354$r2021-01-12 00:00:00$w2021-01-12$yBOO$OKoopman
=999  \\$d10183

