=LDR  00923aam a2200205   4500
=001  10187
=008  230510s1942\\\\||||||||\||||\00|\0\dut\d
=041  \\$adut
=100  1\$aPols, André M.$d1893-1971$1http://www.wikidata.org/entity/Q43140850$4aut$913336
=245  \\$aDe Ruckers en de klavierbouw in Vlaanderen
=260  \\$c1942$aAntwerp$bDe Nederlandsche Boekhandel
=300  \\$a61 pages
=490  \\$aDe Seizoenen$v20
=610  \0$1http://www.wikidata.org/entity/Q63258083$aRuckers family$922344
=650  \0$1http://www.wikidata.org/entity/Q81982$aHarpsichord$92125
=650  \0$1http://www.wikidata.org/entity/Q899293$aOrganology$921400
=651  \0$1http://www.wikidata.org/entity/Q234$aFlanders (Belgium)$989
=942  \\$cBOO
=952  \\$00$10$2ddc$40$6INS_3_000000000000000_2B_RUCK$70$8INS$910175$aORPH$bORPH$cKTS0$d2020-07-08$eKoopman$l0$oINS3.2b RUCK$p20128854$r2021-01-12 00:00:00$w2021-01-12$yBOO$OKoopman
=999  \\$d10187

