=LDR  00697    a2200169   4500
=001  10188
=008  211228s1956\\\\\\\|||||\||||\00|\p\eng\d
=041  \\$aeng
=100  \\$aPope, Alexander$d1688-1744$4aut$1http://www.wikidata.org/entity/Q164047$912974
=245  \\$aCollected Poems
=260  \\$c1956
=648  \0$a18th Century (1701-1800)$1http://www.wikidata.org/entity/Q7015$920899
=650  \0$aPoetry$1http://www.wikidata.org/entity/Q482$93026
=651  \0$aUnited Kingdom$1http://www.wikidata.org/entity/Q21$9273
=942  \\$cBOO
=952  \\$00$10$2ddc$40$6LIT_POPE_A$70$8LIT$910176$aORPH$bORPH$cKM12_2_H$d2020-07-08$eKoopman$i44E11$oLIT POPE a$p20126586$r2021-01-12 00:00:00$w2021-01-12$yBOO
=999  \\$d10188

