=LDR  01346cam a2200265 a 4500
=001  10189
=008  130213s2013\\\\gw\\\\\\\b\\\\000\0\ger\d
=041  \\$ager
=100  \\$aPopović, Tihomir$4aut$913338
=245  10$aMäzene, Manuskripte, Modi.$bUntersuchungen zu My Ladye Nevells Booke
=260  \\$aStuttgart$bSteiner$c2013
=300  \\$a269 pages$c25 cm
=490  \\$aBeihefte zum Archiv fur Musikwissenschaft$vLXXI
=500  \\$aOriginally presented as the author's thesis (doctoral)--Humboldt-Universität zu Berlin, 2011.
=504  \\$aIncludes bibliographical references (p. [247]-269).
=600  \0$aByrd, William$d1539/40-1623$1http://www.wikidata.org/entity/Q208375$910065
=610  \0$aNeville family$1http://www.wikidata.org/entity/Q18809734$922341
=648  \0$a16th Century (1501-1600)$1http://www.wikidata.org/entity/Q7017$920944
=650  \0$aPatronage$1http://www.wikidata.org/entity/Q214092$94245
=650  \0$aNobility$1http://www.wikidata.org/entity/Q134737$93602
=650  \0$aKeyboard music$1http://www.wikidata.org/entity/Q105715630$921412
=651  \0$aUnited Kingdom$1http://www.wikidata.org/entity/Q21$9273
=942  \\$cBOO
=952  \\$00$10$2ddc$40$6INS_3_000000000000000_2A$70$8INS$910177$aORPH$bORPH$cKTS0$d2020-07-08$eKoopman$i46D28$l0$oINS3.2a$p20127679$r2021-01-12 00:00:00$w2021-01-12$yBOO$OKoopman
=999  \\$d10189

