=LDR  00933aam a2200205   4500
=001  10190
=008  240308s1960\\\\|||af|||\||||\00|\0\eng\d
=041  \\$aeng
=100  \\$aPorcher, Jean$913342$4aut
=245  \\$aFrench Miniatures from Illuminated Manuscripts
=260  \\$aLondon$bCollins$c1960
=300  \\$a276 pages$bcolour plates
=500  \\$aJean Porcher, conservateur en chef du Cabinet des Manuscrits at the Bibliothèque Nationale, Paris
=648  \0$aMiddle Ages (500-1400)$1http://www.wikidata.org/entity/Q12554$920964
=650  \0$aManuscript$1http://www.wikidata.org/entity/Q87167$92275
=650  \0$aIllustration$1http://www.wikidata.org/entity/Q178659$921171
=651  \0$aFrance$1http://www.wikidata.org/entity/Q142$9131
=942  \\$cBOO
=952  \\$00$10$2ddc$40$6BIB_4_000000000000000_FR_3$70$8BIB$910178$aORPH$bORPH$cKTS0$d2020-07-08$eKoopman$i23C33$l0$oBIB4 FR 3$p20128597$r2021-01-12 00:00:00$yBOO$OKoopman
=999  \\$d10190

