=LDR  01055    a2200205   4500
=001  10191
=008  220324s1933\\\\|||af|||\c|||\00|\0dfre\d
=041  \\$afre
=100  \\$aPorcher, Jean$4aut$913342
=245  \\$aRabelais :$bExposition organisée à l'occasion du quatrième centaire de la publication de Pantagrual
=260  \\$a[Paris]$bÉditions des Bibliothèques nationales de France$c1933
=300  \\$aiv-208 pages$badditional unnumbered pages with advertisements; XVI numbered plates, b&w
=600  \0$aRabelais, François$dc. 1490-1553?$1http://www.wikidata.org/entity/Q131018$910931
=648  \0$a16th Century (1501-1600)$1http://www.wikidata.org/entity/Q7017$920944
=650  \0$aWriter$1http://www.wikidata.org/entity/Q36180$93885
=650  \0$aNovel$1http://www.wikidata.org/entity/Q8261$921629
=651  \0$aFrance$1http://www.wikidata.org/entity/Q142$9131
=942  \\$cBOO
=952  \\$00$10$2ddc$40$6LIT_RABE_B$70$8LIT$910179$aORPH$bORPH$cKM12_2_H$d2020-07-08$eKoopman$i40B32$oLIT RABE b$p20130264$r2021-01-12 00:00:00$w2021-01-12$yBOO
=999  \\$d10191

