=LDR  00748    a2200193   4500
=001  10192
=008  230303|\\\\\\\\-us\||||\||||\00|\0\eng\d
=041  \\$aeng
=100  \\$aPorter, William$913343$4aut
=245  \\$aDedication of the Brombaugh Organ. Fairchild Chapel Oberlin College
=260  \\$cs.d.
=300  \\$a16 pages
=600  10$925795$aMcIntosh, Mary
=650  \0$aOrgan$1http://www.wikidata.org/entity/Q1444$92810
=650  \0$aOrganology$1http://www.wikidata.org/entity/Q899293$921400
=651  \0$aOberlin (Ohio)$925796
=942  \\$cBOO
=952  \\$00$10$2ddc$40$6INS_3_000000000000000_1E_US_OBE$70$8INS$910180$aORPH$bORPH$cKTS0$d2020-07-08$eKoopman$i24A49$l0$oINS3.1e US.OBE$p20128767$r2021-01-12 00:00:00$w2021-01-12$yBOO$OKoopman
=999  \\$d10192

