=LDR  00924aam a2200205   4500
=001  10193
=008  250624s1994\\\\|||a||||\b|||\001\0\eng\d
=041  \\$aeng
=100  \\$aPorter, Roy$d1946-2002$1http://www.wikidata.org/entity/Q354728$913344$4aut
=245  \\$aLondon. $bA Social History
=260  \\$c1994$aLondon$bHamish Hamilton
=300  \\$axvi-431 pages
=648  \0$aPast$1http://www.wikidata.org/entity/Q192630$922196
=650  \0$aHistory$1http://www.wikidata.org/entity/Q309$921403
=650  \0$aSocial science$1http://www.wikidata.org/entity/Q34749$93803
=650  \0$aSociety$1http://www.wikidata.org/entity/Q8425$94658
=651  \0$aLondon (United Kingdom)$1http://www.wikidata.org/entity/Q84$9123
=942  \\$cBOO
=952  \\$00$10$2ddc$40$6TOP_GB_LON_0_000000000000000$70$8TOP$910181$aORPH$bORPH$cKTS0$d2020-07-08$eKoopman$i22A36$l0$oTOP GB.LON 0$p20125597$r2021-01-12 00:00:00$w2021-01-12$yBOO$OKoopman
=999  \\$d10193

