=LDR  01477aam a2200253   4500
=001  10194
=008  230623s1913\\\\||||||||\||||\00|\0\ger\d
=041  \\$ager
=100  \\$aPösinger, Bernhard$913345$4aut$dfl. 1913
=245  \\$aP. Beda Planks "Fluchtreise 1800-1801"; Schulnachrichten
=246  \1$aBeschreibung der Fluchtreise nach Wien$bBei dem ersten feindlichen Einfalle der Franzosen, und der während ihres Aufenthalts im Lande ob der Enns in Wien zugebrachten Tage vom P. B. P. im Jahre 1801
=260  \\$aLinz$bAkad. Buchdruckerei des Kath. Pressvereines$c1913
=300  \\$a78-68 pages
=490  \\$aProgramm des Kais. Kön. Obergymnasiums der Benediktiner zu Kremsmünster$v63
=610  \0$1http://www.wikidata.org/entity/Q68865$aBenediktinerstift Kremsmünster (Austria)$91610
=648  \0$1http://www.wikidata.org/entity/Q6955$a19th Century (1801-1900)$920935
=650  \0$1http://www.wikidata.org/entity/Q192781$aMilitary history$93874
=650  \0$1http://www.wikidata.org/entity/Q6534$aFrench Revolution (1789-1799)$925608
=650  \0$1http://www.wikidata.org/entity/Q44613$aMonastery$926216
=650  \0$1http://www.wikidata.org/entity/Q8434$aEducation$926206
=651  \0$1http://www.wikidata.org/entity/Q1741$aVienna (Austria)$920937
=942  \\$cBOO
=952  \\$00$10$2ddc$40$6TOP_AT_VIE_6_000000000000000$70$8TOP$910182$aORPH$bORPH$cKTS0$d2020-07-08$eKoopman$i42A02_01$l0$oTOP AT.VIE 6$p20138971$r2021-01-12 00:00:00$w2021-01-12$yBOO$OKoopman
=999  \\$d10194

