=LDR  01021    a2200229   4500
=001  10196
=008  211029b\\\\\\\\||||||||\||||\00|\0\###\d
=041  \\$aeng
=100  \\$aPossente, Nicoletta$4aut$913346
=245  \\$aThe Development of Keyboard Fingering.$bLecture by Nicoletta Possente, Den Haag, 14.2.1990
=260  \\$c1990$aThe Hague
=336  \\$aprinted
=500  \\$aPhotocopied book
=561  \\$aEx Libris Ton Koopman
=648  \0$a17th Century (1601-1700)$1http://www.wikidata.org/entity/Q7016$920923
=648  \0$a18th Century (1701-1800)$1http://www.wikidata.org/entity/Q7015$920899
=650  \0$aKeyboard instrument$1http://www.wikidata.org/entity/Q52954$92849
=650  \0$aKeyboard music$1http://www.wikidata.org/entity/Q105715630$921412
=650  \0$aFingering$1http://www.wikidata.org/entity/Q608487$921861
=942  \\$cBOO
=952  \\$00$10$2ddc$40$6INS_3_000000000000000_2D$70$8INS$910184$aORPH$bORPH$cKTS0$d2020-07-08$eKoopman$i22E44$oINS3.2d$p20128862$r2021-01-12 00:00:00$w2021-01-12$yBOO
=999  \\$d10196

