=LDR  00841aam a2200181   4500
=001  10201
=008  210319s1912\\\\\\\|||||\||||\00|\0\fre\d
=041  \\$afre
=100  \\$aPougin, Arthur$d1834-1921$4aut$1http://www.wikidata.org/entity/Q2865302$917167
=245  \\$aMadame Favart,$bétude théatrale : 1727-1772
=260  \\$aParis$bFischbacher$c1912
=600  \0$aFavart, Justine$d1727-1772$1http://www.wikidata.org/entity/Q443256$95764
=648  \0$a18th Century (1701-1800)$1http://www.wikidata.org/entity/Q7015$920899
=650  \0$aMusic history$1http://www.wikidata.org/entity/Q846047$921373
=650  \0$aOpera$1http://www.wikidata.org/entity/Q1344$92468
=942  \\$cBOO
=952  \\$00$10$2ddc$40$6BIO_FAVA2_D$70$8BIO$910189$aORPH$bORPH$cKTS1_P$d2020-07-08$eKoopman$i32D34$oBIO FAVA2 d$p20123111$r2021-01-12 00:00:00$w2021-01-12$yBOO
=999  \\$d10201

