=LDR  01600aam a2200229   4500
=001  10202
=008  210319s1905\\\\\\\|||||\||||\00|\0\fre\d
=041  \\$afre
=100  \\$aPougin, Arthur$d1834-1921$4aut$1http://www.wikidata.org/entity/Q2865302$917167
=245  \\$aUn ténor de l'Opéra aux XVIII° siècle :$bPierre Jélyotte et les chanteurs de son temps
=260  \\$aParis$bFischbacher$c1905
=300  \\$a235 pages
=520  \\$aExtrait : "Il y a quelque trente ans un curieux de choses du théâtre, de Manne, mettait à exécution une idée assez ingénieuse et publiait sous ce titre : La Troupe de Voltaire, un livre dans lequel il remettait en lumière et, en les groupant, faisait connaître tous les acteurs qui avaient été, à la Comédie Française, les interprètes des Suvres de l'auteur de Zaïre, de Tancrède et de Mahomet, lequel, au point de vue de l'histoire de la tragédie, représentait à lui seul une époque."
=600  \0$aJélyotte, Pierre$d1713-1797$1http://www.wikidata.org/entity/Q2305575$921009
=610  \0$aOpéra-Comique (Paris, France)$1http://www.wikidata.org/entity/Q872222$920953
=648  \0$a18th Century (1701-1800)$1http://www.wikidata.org/entity/Q7015$920899
=650  \0$aBiography$1http://www.wikidata.org/entity/Q36279$91927
=650  \0$aOpera$1http://www.wikidata.org/entity/Q1344$92468
=651  \0$aParis (France)$1http://www.wikidata.org/entity/Q90$9160
=942  \\$cBOO
=952  \\$00$10$2ddc$40$6BIO_JELY_D$70$8BIO$910190$aORPH$bORPH$cKTS1_P$d2020-07-08$eKoopman$i33C27$l0$oBIO JELY d$p20122998$r2021-01-12 00:00:00$w2021-01-12$yBOO
=999  \\$d10202

