=LDR  01087aam a2200229   4500
=001  10203
=008  210319s1996\\\\\\\|||||\||||\00|\0\fre\d
=041  \\$afre
=100  \\$aPougin, Arthur$d1834-1921$4aut$1http://www.wikidata.org/entity/Q2865302$917167
=245  \\$aFrançois-André Philidor
=260  \\$aBéziers$bSociété de musicologie de Languedoc$c1874
=500  \\$aFacsimile of the 'Chronique musicale'
=505  \\$tContains catalog of the Philidor collection
=561  \\$aEx libris Laura Dobbenga
=600  \0$aPhilidor, François-André Danican$d1726-1795$1http://www.wikidata.org/entity/Q203229$918157
=648  \0$a18th Century (1701-1800)$1http://www.wikidata.org/entity/Q7015$920899
=650  \0$aBiography$1http://www.wikidata.org/entity/Q36279$91927
=650  \0$aOpera$1http://www.wikidata.org/entity/Q1344$92468
=651  \0$aFrance$1http://www.wikidata.org/entity/Q142$9131
=942  \\$cPER
=952  \\$00$10$2ddc$40$6BIO_PHIL4_D$70$8BIO$910191$aORPH$bORPH$cKTS1_P$d2020-07-08$eKoopman$i44G03$l0$oBIO PHIL4 d$p20126878$r2021-01-12 00:00:00$w2021-01-12$yBOO
=999  \\$d10203

