=LDR  01570nam a2200313 cb4500
=001  10205
=005  20250926134856.0
=008  950313s1994\\\\\\\gl||\\||||\00|||\und\d
=020  \\$a0198162251
=040  \\$aOI
=041  \\$aeng$hger
=100  \\$aBach, Johann Sebastian$d1685-1750$1http://www.wikidata.org/entity/Q1339$4aut$94766
=245  10$aJ. S. Bach's Precepts and Principles for Playing the Thorough Bass or Accompanying in Four Parts$bLeipzig, 1738
=260  \\$aOxford$bClarendon Press$c1994
=300  \\$aXXVII-112 ages$bmusic examples, facsimiles
=490  1\$aEarly Music Series$v16
=590  \\$atransl. with facs., introd., and explanatory notes by Pamela L. Poulin
=648  \0$a18th Century (1701-1800)$1http://www.wikidata.org/entity/Q7015$920899
=650  \0$aBasso continuo$1http://www.wikidata.org/entity/Q724321$921065
=650  \0$aAccompaniment$1http://www.wikidata.org/entity/Q504514$92918
=650  \0$aFour-part harmony$1http://www.wikidata.org/entity/Q5474927$926382
=650  \0$aKeyboard instrument$1http://www.wikidata.org/entity/Q52954$92849
=650  \0$aMethod$1http://www.wikidata.org/entity/Q2250960$921402
=651  \0$aLeipzig (Germany)$1http://www.wikidata.org/entity/Q2079$945
=700  1\$aPoulin, Pamela L.$4trl$4win
=765  \\$aVorschriften und Grundsätze zum vierstimmigen Spielen des General-Baß oder Accompagnement
=942  \\$cBOO
=952  \\$00$10$2ddc$40$6TRE_BACH1$70$8TRE$910193$aORPH$bORPH$cKTS1_H$d2020-07-08$eKoopman$i32A29$oTRE BACH1$p20122971$r2021-01-12 00:00:00$w2021-01-12$yBOO$OKoopman
=999  \\$d10205

