=LDR  00839    a2200217   4500
=001  10206
=008  211119s1991\\\\-ukgh|||\||||\00|\0\eng\d
=020  \\$a9780946535064
=041  \\$aeng
=100  \\$aPoulton, Diana$4aut$913355
=245  \\$aA Tutor for the Renaissance Lute
=260  \\$c1991$aLondon$bSchott
=300  \\$a142 pages
=336  \\$aprinted
=648  \0$a16th Century (1501-1600)$1http://www.wikidata.org/entity/Q7017$920944
=650  \0$aMethod$1http://www.wikidata.org/entity/Q2250960$921402
=650  \0$aLute$1http://www.wikidata.org/entity/Q180733$93944
=650  \0$aOrganology$1http://www.wikidata.org/entity/Q899293$921400
=942  \\$cBOO
=952  \\$00$10$2ddc$40$6INS_5_000000000000000_1A$70$8INS$910194$aORPH$bORPH$cKTS0$d2020-07-08$eKoopman$i23C34$oINS5.1a$p20128596$r2021-01-12 00:00:00$w2021-01-12$yBOO
=999  \\$d10206

