=LDR  00384    a2200121   4500
=001  10207
=020  \\$a0571118593
=100  \\$aPoulton, Diana$913355
=245  \\$aJohn Dowland
=260  \\$c1972
=942  \\$cBOO
=952  \\$00$10$2ddc$40$6BIO_DOWL_D$70$8BIO$910195$aORPH$bORPH$cKTS1_P$d2020-07-08$eKoopman$i32D25$l0$oBIO DOWL d$p20123120$r2021-01-12 00:00:00$w2021-01-12$yBOO$OKoopman
=999  \\$c10207$d10207

