=LDR  00418    a2200109   4500
=001  10208
=100  \\$aPourtalès, Guy de$d1881-1941$4aut$1http://www.wikidata.org/entity/Q1557629$913356
=245  \\$aLa vie de Franz Liszt
=260  \\$c1927
=942  \\$cBOO
=952  \\$00$10$2ddc$40$6BIO_LISZ_D$70$8BIO$910196$aORPH$bORPH$cKTS1_P$d2020-07-08$eKoopman$oBIO LISZ d$p20130002$r2021-01-12 00:00:00$w2021-01-12$yBOO$OThwaites
=999  \\$c10208$d10208

