=LDR  01426cam a2200301 a 4500
=001  10211
=005  20250120120157.0
=008  900727s1986\\\\fr\ag\\\\bck\\001\0bfre\\
=020  \\$a290540003X
=040  \\$aOI
=041  \\$afre
=100  \\$aPrada, Michel$4aut$913360
=245  13$aUn maître de musique en Provence & en Languedoc :$bJean Gilles, 1668-1705
=246  \1$aJean Gilles :$bl'homme et l'œuvre
=260  \\$aBéziers$bSociété de musicologie de Languedoc$c1986
=300  \\$a269 p. :$bill., music ;$c25 cm.
=500  \\$aIncludes indexes.
=504  \\$aThematic catalog: p.205-245 ; Bibliography: p. 247-255 ; Discography: p. 255.
=600  \0$aGilles, Jean$d1668-1705$1http://www.wikidata.org/entity/Q715368$913361
=648  \0$a17th Century (1601-1700)$1http://www.wikidata.org/entity/Q7016$920923
=650  \0$aComposer$1http://www.wikidata.org/entity/Q36834$93625
=650  \0$aBiography$1http://www.wikidata.org/entity/Q36279$91927
=651  \0$aFrance$1http://www.wikidata.org/entity/Q142$9131
=700  \\$4win$aWeber, Édith$921910
=942  \\$cBOO
=952  \\$00$10$2ddc$40$6BIO_GILL_D$70$8BIO$910199$aORPH$bORPH$cKTS1_P$d2020-07-08$eKoopman$i21E20$l0$oBIO GILL d$p20125466$r2021-01-12 00:00:00$w2021-01-12$yBOO
=952  \\$00$10$2ddc$40$6BIO_GILL_D$70$8BIO$910200$aORPH$bORPH$cKTS1_P$d2020-07-08$eKoopman$i32E11$l0$oBIO GILL d$p20122857$r2021-01-12 00:00:00$w2021-01-12$yBOO
=999  \\$c10211$d10211

