=LDR  01103acm a2200229   4500
=001  10222
=008  250617s1931\\\\||||||||\||||\00|\0\ger\d
=041  \\$ager$dlat
=100  \\$aPraetorius, Michael$d1571-1621$4cmp$1http://www.wikidata.org/entity/Q108278$97239
=245  \\$aMusarum Sioniarum Motectæ et Psalmi Latini (1607)
=260  \\$aWolfenbüttel$aBerlin$bKallmeyer$c1931
=490  \\$aGesamtausgabe der musikalischen Werke von Michael Praetorius$vX.1
=500  \\$aNog geen RFID
=648  \0$a17th Century (1601-1700)$1http://www.wikidata.org/entity/Q7016$920923
=650  \0$aMotet$1http://www.wikidata.org/entity/Q188285$92028
=650  \0$aPsalm$1http://www.wikidata.org/entity/Q12497663$92164
=650  \0$aCatholicism$1http://www.wikidata.org/entity/Q1841$921631
=700  \\$aBlume, Friedrich$d1893-1975$4edt$918700
=700  \\$aGerber, Rudolf$d1899-1957$1http://www.wikidata.org/entity/Q2172730$4edt$921917
=942  \\$cSCO
=952  \\$00$10$2ddc$3vol. 1$40$70$8SCO$910210$aORPH$bORPH$cKTS1_P$d2020-07-08$eKoopman$iWG.2348 X.1$l0$r2021-01-12 00:00:00$w2021-01-12$ySCO$OW.2348 X-1
=999  \\$d10222

