=LDR  01893cam a22003854a 4500
=001  10233
=005  20250926134856.0
=008  040402m20042005gw\agh\\\b\\\\001\0\ger\c
=010  \\$a  2004436404
=020  \\$a3875372980 (v. 1 : pbk.)
=020  \\$a3875372999 (v. 2 : pbk.)
=028  50$a1580$bEdition Merseburger
=028  50$a1581$bEdition Merseburger
=035  \\$a(CSt)(Sirsi)a5594730
=035  \\$a(CStRLIN)CSUGA5594730-B
=040  \\$aOHX$cOHX$dZCU$dDLC
=042  \\$apcc
=100  \\$aPrautzsch, Ludwig$913363
=245  14$aDie verborgene Symbolsprache Johann Sebastian Bachs /$cLudwig Prautzsch.
=260  \\$aKassel :$bMerseburger,$cc2004-c2005.
=300  \\$a2 v. :$bill., facsims., music ;$c26 cm.
=500  \\$aReduced facsim. of the autograph score of Mein Herze schwimmt in Blut (BWV 199) inserted in Bd. 2.
=504  \\$aIncludes bibliographical references and indexes.
=505  0\$gBd. 1. Zeichen und Zeichenalphabet auf den Titelseiten der kirchenmusikalischen Werke -- Bd. 2. Zeichen und Psalmhinweise in der Kantate Mein Herze schwimmt im Blut.
=500  \\$aEdition Merseburger: 1580-1581.
=600  \0$aBach, Johann Sebastian$d1685-1750$1http://www.wikidata.org/entity/Q1339$94766
=600  \0$aBach, Johann Sebastian$d1685-1750$1http://www.wikidata.org/entity/Q1339$94766
=600  \0$aBach, Johann Sebastian$d1685-1750$1http://www.wikidata.org/entity/Q1339$94766
=650  \0$aSymbol$1http://www.wikidata.org/entity/Q80071$93606
=650  \0$aSymbol$1http://www.wikidata.org/entity/Q80071$93606
=942  \\$cBOO
=952  \\$00$10$2ddc$40$6BIO_BACH1_E$70$8BIO$910221$aORPH$bORPH$cKTS1_P$d2020-07-08$eKoopman$i35B28$l1$oBIO BACH1 e$p20120767$r2021-02-05 00:00:00$s2021-02-05$w2021-01-12$yBOO
=999  \\$c10233$d10233
=651  \0$aGermany$1http://www.wikidata.org/entity/Q183$9155
=650  \0$aMusic history$1http://www.wikidata.org/entity/Q846047$921373

