=LDR  00881aam a2200205   4500
=001  10234
=005  20251003085458.0
=008  231211s2007\\\\||||||||\c|||\00|\0\ita\d
=041  \\$aita
=110  \\$aLibreria Antiquaria Pregliasco (Turin, Italy)$4edt$926832
=245  \\$aFeste e spettacoli, Fonti di Storia dell'Arte, Storie Locali:$bCatalogo$n82
=260  \\$aTurin$bLbreria Antiquaria Pregliasco$c2000
=500  \\$aNog geen RFID
=648  \0$a21st Century (2001-2100)$1http://www.wikidata.org/entity/Q6939$920812
=650  \0$aBook$1http://www.wikidata.org/entity/Q571$92285
=650  \0$aCatalogue$1http://www.wikidata.org/entity/Q2352616$921484
=651  \0$aTurin (Italy)$1http://www.wikidata.org/entity/Q495$921413
=942  \\$cBOO
=952  \\$00$10$2ddc$40$70$8BIB$910222$aORPH$bORPH$cKTS0$d2020-07-08$eKoopman$i24F36$l0$r2021-01-12 00:00:00$w2021-01-12$yBOO$OKoopman
=999  \\$d10234

