=LDR  01011aam a2200229   4500
=001  10236
=008  240303s1967\\\\|||ac|||\||||\00|\0bger\d
=041  \\$ager
=100  \\$aPresser, H.$913367$4aut
=245  \\$aJohannes Gutenberg in Zeugnissen und Bilddokumenten
=260  \\$aReinbek$bRowohlt$c1967
=300  \\$a173 pages
=490  \\$aRowohlts Monographien$v134
=590  \\$adargestellt von Helmut Presser
=600  \0$aGutenberg, Johannes$dc. 1400-1468$1http://www.wikidata.org/entity/Q8958$926791
=648  \0$a15th Century (1401-1500)$1http://www.wikidata.org/entity/Q7018$921015
=650  \0$aPrinting$1http://www.wikidata.org/entity/Q11034$921936
=650  \0$aBiography$1http://www.wikidata.org/entity/Q36279$91927
=651  \0$aMainz (Germany)$1http://www.wikidata.org/entity/Q1720$9217
=942  \\$cBOO
=952  \\$00$10$2ddc$40$6BIB_2_000000000000000_PRESS$70$8BIB$910224$aORPH$bORPH$cKTS0$d2020-07-08$eKoopman$i41D11$l0$oBIB2 PRESS$p20120160$r2021-01-12 00:00:00$w2021-01-12$yBOO$OKoopman
=999  \\$d10236

