=LDR  01589aam a2200277   4500
=001  10239
=008  220915s1949\\\\|||f||||\||||\00|\0dger\d
=041  \\$ager
=100  \\$aPreußner, Eberhard$4aut$1http://www.wikidata.org/entity/Q1279276$913369
=245  \\$aDie musikalischen Reisen des Herrn von Uffenbach.$bAus einem Reisetagebuch des Johann Friedrich A. Von Uffenbach aus Frankfurt a. M. 1712-1716
=260  \\$aKassel$aBasel$bBärenreiter$c1949
=300  \\$a195 pages, 25 pages of plates
=600  \0$aUffenbach, Johann Friedrich Armand von$d1687-1769$1http://www.wikidata.org/entity/Q3180542$97298
=610  \0$aGeorg-August-Universität Göttingen (Germany)$1http://www.wikidata.org/entity/Q152838$924951
=648  \0$a18th Century (1701-1800)$1http://www.wikidata.org/entity/Q7015$920899
=650  \0$aMusic history$1http://www.wikidata.org/entity/Q846047$921373
=650  \0$aTravel$1http://www.wikidata.org/entity/Q61509$94440
=650  \0$aDiary$1http://www.wikidata.org/entity/Q185598$921711
=651  \0$aFrankfurt am Main (Germany)$1http://www.wikidata.org/entity/Q1794$921575
=651  \0$aAlsace (France)$1http://www.wikidata.org/entity/Q1142$922946
=651  \0$aItaly$1http://www.wikidata.org/entity/Q38$922
=651  \0$aFrance$1http://www.wikidata.org/entity/Q142$9131
=651  \0$aBrabant (Belgium)$1http://www.wikidata.org/entity/Q3051218$924954
=942  \\$cBOO
=952  \\$00$10$2ddc$40$6BIO_UFFE_A$70$8BIO$910227$aORPH$bORPH$cKTS1_P$d2020-07-08$eKoopman$i19E39$l1$oBIO UFFE a$p20125274$r2022-09-19 00:00:00$s2022-09-15$w2021-01-12$yBOO$OKoopman
=999  \\$d10239

