=LDR  01156aam a2200229   4500
=001  10240
=008  220915s1935\\\\|||f||||\||||\00|\0\ger\d
=041  \\$ager
=100  \\$aPreußner, Eberhard$4aut$1http://www.wikidata.org/entity/Q1279276$913369
=245  \\$aDie bürgerliche Musikkultur.$bEin Beitrag zur deutschen Musikgeschichte des 18. Jahrhunderts
=260  \\$aHamburg$bHanseatische Verlagsanstalt$c1935
=300  \\$a[iv]-210 pages
=648  \0$a18th Century (1701-1800)$1http://www.wikidata.org/entity/Q7015$920899
=650  \0$aMusic history$1http://www.wikidata.org/entity/Q846047$921373
=650  \0$aMusic education$1http://www.wikidata.org/entity/Q27908$921766
=650  \0$aConcert$1http://www.wikidata.org/entity/Q182832$921044
=650  \0$aOrchestra$1http://www.wikidata.org/entity/Q42998$93159
=650  \0$aFolk music$1http://www.wikidata.org/entity/Q43343$921594
=651  \0$aGermany$1http://www.wikidata.org/entity/Q183$9155
=942  \\$cBOO
=952  \\$00$10$2ddc$40$6TOP_DE_5_000000000000000$70$8TOP$910228$aORPH$bORPH$cKTS0$d2020-07-08$eKoopman$i44E42$l0$oTOP DE 5$p20126555$r2021-01-12 00:00:00$w2021-01-12$yBOO$OKoopman
=999  \\$d10240

