=LDR  01363nam a2200277 a 4500
=001  10241
=008  880302s1987\\\\\\\g\\\\\b\\\\001\0\fre\\
=041  \\$afre
=100  \\$aPrévost, Paul$913370$4aut
=245  13$aLe prélude non mesuré pour clavecin :$bFrance, 1650-1700
=260  \\$aBaden-Baden$bKoerner$c1987
=300  \\$a393 pages
=490  1\$aCollection d'études musicologiques = Sammlung musikwissenschaftlicher Abhandlungen$x0085-588X$v75
=500  \\$a"Appendice" (transcriptions of 17th- and 18th-century preludes): p. [287]-357.
=500  \\$aIncludes index.
=504  \\$aBibliography: p. 359-374.
=648  \0$a17th Century (1601-1700)$1http://www.wikidata.org/entity/Q7016$920923
=650  \0$aPrélude non mesuré$1http://www.wikidata.org/entity/Q2759224$923226
=650  \0$aKeyboard music$1http://www.wikidata.org/entity/Q105715630$921412
=650  \0$aHarpsichord$1http://www.wikidata.org/entity/Q81982$92125
=650  \0$aMusic history$1http://www.wikidata.org/entity/Q846047$921373
=650  \0$aMusical analysis$1http://www.wikidata.org/entity/Q1544924$92775
=651  \0$aFrance$1http://www.wikidata.org/entity/Q142$9131
=942  \\$cBOO
=952  \\$00$10$2ddc$40$6TOP_FR_5_000000000000000$70$8TOP$910229$aORPH$bORPH$cKTS0$d2020-07-08$eKoopman$i41A03$l0$oTOP FR 5$p20120214$r2021-01-12 00:00:00$w2021-01-12$yBOO$OKoopman
=999  \\$d10241

