=LDR  00894    a2200229   4500
=001  10243
=008  220131s1983\\\\nl\af|||\||||\00|\0\dut\d
=020  \\$a9023304624
=041  \\$adut
=100  \\$aPrick van Wely, Max A.$4aut$913371
=245  \\$aHet Orgel en zijn Meesters
=260  \\$c1983$aThe Hague$bKruseman
=300  \\$a351 pages
=336  \\$aprinted
=648  \0$aPast$1http://www.wikidata.org/entity/Q192630$922196
=650  \0$aMusic history$1http://www.wikidata.org/entity/Q846047$921373
=650  \0$aOrgan$1http://www.wikidata.org/entity/Q1444$92810
=650  \0$aOrgan music$1http://www.wikidata.org/entity/Q2003283$91951
=651  \0$aEurope$1http://www.wikidata.org/entity/Q46$991
=942  \\$cBOO
=952  \\$00$10$2ddc$40$6INS_3_000000000000000_1A$70$8INS$910231$aORPH$bORPH$cKTS0$d2020-07-08$eKoopman$i46F05$oINS3.1a$p20126917$r2021-01-12 00:00:00$w2021-01-12$yBOO
=999  \\$d10243

