=LDR  01129cam a2200265 a 4500
=001  10244
=005  20250120120205.0
=008  980223s1997\\\\ne\a\\\\\b\\\\001\0bdut\c
=020  \\$a9025341934
=040  \\$aOI
=041  \\$adut
=100  \\$aPrick, Harry G. M.$4aut$910471
=245  10$aIn de zekerheid van eigen heerlijkheid:$bhet leven van Lodewijk van Deyssel tot 1890
=260  \\$aAmsterdam$bAthenaeum-Polak & Van Gennep$c1997
=300  \\$a1080 pages$bill.$c25 cm
=490  \\$aHet leven van Lodewijk van Deyssel$v1
=504  \\$aIncludes bibliographical references (p. 919-943) and index.
=600  \0$aDeyssel, Lodewijk van$d1864-1952$95429
=648  \0$a19th Century (1801-1900)$1http://www.wikidata.org/entity/Q6955$920935
=650  \0$aWriter$1http://www.wikidata.org/entity/Q36180$93885
=650  \0$aBiography$1http://www.wikidata.org/entity/Q36279$91927
=651  \0$aNetherlands$1http://www.wikidata.org/entity/Q55$9173
=942  \\$cBOO
=952  \\$00$10$2ddc$40$6BIO_DEYS_D$70$8BIO$910232$aORPH$bORPH$cKTS1_P$d2020-07-08$eKoopman$i41E06-1$oBIO DEYS d$p20122107$r2021-01-12 00:00:00$w2021-01-12$yBOO
=999  \\$d10244

