=LDR  01125cam a22002654a 4500
=001  10245
=005  20250120120205.0
=008  031028s2003\\\\ne\a\\\\\b\\\\001\0bdut\\
=020  \\$a902534187X
=040  \\$aOI
=041  \\$adut
=100  \\$aPrick, Harry G. M.$4aut$910471
=245  14$aEen vreemdeling op de wegen:$bhet leven van Lodewijk van Deyssel vanaf 1890
=260  \\$aAmsterdam$bAthenaeum-Polak & Van Gennep$c2003
=300  \\$a1430 pages$bill.$c25 cm
=490  \\$aHet leven van Lodewijk van Deyssel $v2
=504  \\$aIncludes bibliographical references (p. 1155-1216) and indexes.
=600  \0$aDeyssel, Lodewijk van$d1864-1952$95429
=648  \0$a19th Century (1801-1900)$1http://www.wikidata.org/entity/Q6955$920935
=650  \0$aWriter$1http://www.wikidata.org/entity/Q36180$93885
=650  \0$aBiography$1http://www.wikidata.org/entity/Q36279$91927
=651  \0$aNetherlands$1http://www.wikidata.org/entity/Q55$9173
=942  \\$cBOO
=952  \\$00$10$2ddc$40$6BIO_DEYS_D$70$8BIO$910233$aORPH$bORPH$cKTS1_P$d2020-07-08$eKoopman$i41E06-2$oBIO DEYS d$p20122106$r2021-01-12 00:00:00$w2021-01-12$yBOO
=999  \\$d10245

