=LDR  01143aam a2200241   4500
=001  10248
=005  20251003153523.0
=008  250211s1999\\\\|||o||||\||||\00|\0\dut\d
=020  \\$a9080370037
=041  \\$adut
=100  \\$aPrins-Schimmel, M. A$913373$4aut
=245  \\$aTapijtschilderingen op de kolommen in het koor van de Grote of Sint-Bavokerek te Haarlem
=260  \\$aHaarlem$bVereniging Vrienden van de Grote of St.-Bavokerk te Haarlem$c1999
=490  \\$aBavoreeks$v3
=610  \0$aGrote of Sint-Bavokerk (Haarlem, Netherlands)$1http://www.wikidata.org/entity/Q1545193$925357
=650  \0$aChurch$1http://www.wikidata.org/entity/Q16970$93776
=650  \0$aChoir$1http://www.wikidata.org/entity/Q131186$93338
=650  \0$aInterior design$1http://www.wikidata.org/entity/Q179232$921367
=650  \0$aTapestry$1http://www.wikidata.org/entity/Q184296$926233
=651  \0$aHaarlem (Netherlands)$1http://www.wikidata.org/entity/Q9920$921584
=942  \\$cBOO
=952  \\$00$10$2ddc$40$6TOP_NL_HAA$70$8TOP$910236$aORPH$bORPH$cKTS0$d2020-07-08$eKoopman$i44E23$l0$oTOP NL.HAA$p20126575$r2021-01-12 00:00:00$w2021-01-12$yBOO$OKoopman
=999  \\$d10248

