=LDR  00913aam a2200217   4500
=001  10249
=005  20250925143258.0
=008  240627s2005\\\\||||||||\||||\00|\p\dut\d
=041  \\$adut
=245  \\$aAdemhuis:$bGedichten van zoon en moeder
=260  \\$aAmsterdam$bDe Buitenkant$c2005
=561  \\$aEx libris Laura Dobbenga
=648  \0$a20th Century (1901-2000)$1http://www.wikidata.org/entity/Q6927$920936
=648  \0$a21st Century (2001-2100)$1http://www.wikidata.org/entity/Q6939$920812
=650  \0$aPoetry$1http://www.wikidata.org/entity/Q482$93026
=651  \0$aNetherlands$1http://www.wikidata.org/entity/Q55$9173
=700  \\$aPrins, Sonja$d1912-2009$4aut$913374
=700  \\$aJansen Schoonhoven, Michiel$4aut$927503
=942  \\$cBOO
=952  \\$00$10$2ddc$40$6LIT_PRIN_A$70$8LIT$910237$aORPH$bORPH$cKM12_2_H$d2020-07-08$eKoopman$i43E14$oLIT PRIN a$p20127143$r2021-01-12 00:00:00$w2021-01-12$yBOO
=999  \\$d10249

