=LDR  00920nam a2200241 a 4500
=001  10250
=005  20250121142126.0
=008  841101s1931\\\\ne\\\\\\\b\\\\000\0\dut\\
=040  \\$aOI
=041  0\$adut
=100  1\$aPrinsen, J.$4aut
=245  14$aHet drama in de 18e eeuw in West-Europa
=260  \\$aZutphen$bThieme$c1931
=300  \\$a591 p. ;$c24 cm.
=500  \\$aDutch, English, French, and German.
=504  \\$aIncludes bibliographical references.
=650  \0$aEuropean drama$y18th century$xHistory and criticism.
=906  \\$a7$bcbc$corignew$d4$encip$f19$gy-gencatlg
=942  \\$cBOO
=952  \\$00$10$2ddc$40$6LIT_PRIN_A$70$8LIT$910238$aORPH$bORPH$cKM12_2_H$d2020-07-08$eKoopman$i34E12$oLIT PRIN a$p20120817$r2021-01-12 00:00:00$w2021-01-12$yBOO
=999  \\$c10250$d10250
=648  \0$a18th Century (1701-1800)$1http://www.wikidata.org/entity/Q7015$920899
=651  \0$aEurope$1http://www.wikidata.org/entity/Q46$991

