=LDR  01498aam a2200241   4500
=001  10251
=005  20250926134856.0
=008  240703s2005\\\\||||||||\||||\00|\0\ger\d
=020  \\$a3761815212
=022  \\$a10128034
=041  \\$ager
=100  \\$aPrinz, Ulrich$913379$4aut
=245  \\$aJohann Sebastian Bachs Instrumentarium:$bOriginalquellen - Besetzung - Verwendung
=260  \\$c2005
=300  \\$a701 pages
=490  \\$aSchriftenreihe der Internat. Bachakademie Stuttgart$v10
=505  \\$gUsing original scores and parts, contemporary instruments and engravings as well as documents of Bach's performances and references to instrument makers, this volume deals comprehensively with the question of Bach's instrumentation. Among other things, the relationship between sound and fingering, tuning problems, the required range and tone supply are discussed. Conclusions are drawn about the musicians' abilities as well as conclusions and scoring suggestions for works that have only survived in score or later copies. (Translated with DeepL.com)
=600  \0$aBach, Johann Sebastian$d1685-1750$1http://www.wikidata.org/entity/Q1339$94766
=650  \0$aInstrumentation$1http://www.wikidata.org/entity/Q617028$923032
=650  \0$aMusic history$1http://www.wikidata.org/entity/Q846047$921373
=942  \\$cBOO
=952  \\$00$10$3band 10$40$6BIO_BACH1_E$70$8BIO$910239$aORPH$bORPH$cKTS1_P$d2020-07-08$eKoopman$i29C10$oBIO BACH1 e$p20123474$r2021-01-12 00:00:00$w2021-01-12$yBOO$OKoopman
=999  \\$d10251

