=LDR  01148cam a2200229 a 4500
=001  10252
=005  20250926134856.0
=008  910402s1990\\\\gw\agh\\\b\\\\001\0\ger\\
=020  \\$a3761809972
=040  \\$aOI
=100  \\$4edt$aPrinz, Ulrich$913379
=245  00$aJohann Sebastian Bach, Messe h-Moll :$b"Opus ultimum", BWV 232 : Vorträge der Meisterkurse und Sommerakademien J.S. Bach, 1980, 1983 und 1989 /$c[Redaktion, Ulrich Prinz].
=260  \\$aStuttgart :$bInternationale Bachakademie Stuttgart ;$aKassel ;$aNew York :$bBärenreiter,$cc1990.
=300  \\$a175 p. :$bill., music, facsims. ;$c25 cm.
=490  1\$aSchriftenreihe der Internationalen Bachakademie Stuttgart,$vBd. 3
=490  1\$x1012-8034 ;
=504  \\$aIncludes bibliographical references and index.
=600  \0$aBach, Johann Sebastian$d1685-1750$1http://www.wikidata.org/entity/Q1339$94766
=600  \0$aBach, Johann Sebastian$d1685-1750$1http://www.wikidata.org/entity/Q1339$94766
=942  \\$cBOO
=952  \\$00$10$40$6BIO_BACH1_E$70$8BIO$910240$aORPH$bORPH$cKTS1_P$d2020-07-08$eKoopman$i47D09$oBIO BACH1 e$p20123704$r2021-01-12 00:00:00$w2021-01-12$yBOO$OKoopman
=999  \\$d10252

