=LDR  00412    a2200109   4500
=001  10254
=100  \\$aProd'homme, Jacques-Gabriel$d1871-1956$1http://www.wikidata.org/entity/Q3157945$916216
=245  \\$aGluck
=260  \\$c1948
=942  \\$cBOO
=952  \\$00$10$2ddc$40$6BIO_GLUC_D$70$8BIO$910242$aORPH$bORPH$cKTS1_P$d2020-07-08$eKoopman$i33E31$oBIO GLUC d$p20120958$r2021-01-12 00:00:00$w2021-01-12$yBOO$OKoopman
=999  \\$c10254$d10254

