=LDR  00996cam a22002051  4500
=001  10255
=005  20250120120037.0
=008  830110s1912\\\\fr\\\\\\\\\\\\000\0\fre\\
=041  \\$afre
=100  \\$aProd'homme, Jacques-Gabriel$d1871-1956$4edt$1http://www.wikidata.org/entity/Q3157945$916216
=245  10$aÉcrits de musiciens (XVe-XVIIIe siècles)
=250  \\$a3rd ed.
=260  \\$aParis$bMercvre de France$c1912
=300  \\$a455 pages
=500  \\$a"C'est un chapitre, mi-anecdotique, mi-autobiographique, de [l'histoire de la musique ancienne] qui est espuissé dans la présente anthologie littéraire."--Pref.
=590  \\$aPalestrina--R. de Lassus--Lully--Marcello--J.-S. Bach--Hændel--Rameau--Hasse--Gluck--Sacchini--etc.
=650  \0$aMusic history$1http://www.wikidata.org/entity/Q846047$921373
=942  \\$cBOO
=952  \\$00$10$2ddc$40$6TRE_PROD$70$8TRE$910243$aORPH$bORPH$cKTS1_H$d2020-07-08$eKoopman$i33E32$l0$oTRE PROD$p20120957$r2021-01-12 00:00:00$w2021-01-12$yBOO
=999  \\$c10255$d10255

