=LDR  01056aam a2200217   4500
=001  10256
=008  250606s1965\\\\||||||||\||||\00|\0dger\d
=041  \\$ager
=100  \\$aPröger, J.$913382$4aut
=245  \\$aMozarts Verhältnis zur Orgel und zur Orgelkomposition
=260  \\$aBerlin$bMerseburger$c1965
=600  \0$aMozart, Wolfgang Amadeus$d1756-1791$1http://www.wikidata.org/entity/Q254$95341
=648  \0$a18th Century (1701-1800)$1http://www.wikidata.org/entity/Q7015$920899
=650  \0$aComposer$1http://www.wikidata.org/entity/Q36834$93625
=650  \0$aOrganist$1http://www.wikidata.org/entity/Q765778$94471
=650  \0$aOrgan$1http://www.wikidata.org/entity/Q1444$92810
=650  \0$aComposing$1http://www.wikidata.org/entity/Q92186587$1http://www.wikidata.org/entity/Q11895763$93076
=651  \0$aAustria$1http://www.wikidata.org/entity/Q40$9202
=942  \\$cBOO
=952  \\$00$10$2ddc$40$6BIO_MOZA1_E$70$8BIO$910244$aORPH$bORPH$cKTS1_P$d2020-07-08$eKoopman$i31A34$oBIO MOZA1 e$p20121140$r2021-01-12 00:00:00$w2021-01-12$yBOO$OKoopman
=999  \\$d10256

