=LDR  00363    a2200109   4500
=001  10259
=100  \\$aPrüfer, A.$913384
=245  \\$aJohan Herman Schein
=260  \\$c1895
=942  \\$cBOO
=952  \\$00$10$2ddc$40$6BIO_SCHE3_D$70$8BIO$910247$aORPH$bORPH$cKTS1_P$d2020-07-08$eKoopman$i19F31$l0$oBIO SCHE3 d$p20125241$r2021-01-12 00:00:00$w2021-01-12$yBOO$OKoopman
=999  \\$c10259$d10259

