=LDR  01350aam a2200265   4500
=001  10263
=008  211122s1975\\\\|||g||||\b|||\001\0dfre\d
=041  \\$afre
=100  \\$aPrunières, Henry$d1886-1942$4aut$1http://www.wikidata.org/entity/Q3133019$916453
=245  \\$aL'opéra italien en France avant Lulli
=260  \\$aParis$bChampion$c1975
=300  \\$axlvii-431-32 pages
=534  \\$aOriginally published in 1913
=600  \0$aMazarin, Jules$d1602-1661$1http://www.wikidata.org/entity/Q166056$921957
=600  \0$aLouis XIII$cKing of France$d1601-1643$1http://www.wikidata.org/entity/Q737533$915138
=648  \0$a17th Century (1601-1700)$1http://www.wikidata.org/entity/Q7016$920923
=650  \0$aOpera$1http://www.wikidata.org/entity/Q1344$92468
=650  \0$aMusic history$1http://www.wikidata.org/entity/Q846047$921373
=650  \0$aMusic theater$1http://www.wikidata.org/entity/Q96394452$92065
=650  \0$aInfluence$1http://www.wikidata.org/entity/Q1307337$1http://www.wikidata.org/entity/Q16578639$922289
=650  \0$aItalian$1http://www.wikidata.org/entity/Q652$924225
=651  \0$aFrance$1http://www.wikidata.org/entity/Q142$9131
=942  \\$cBOO
=952  \\$00$10$2ddc$40$6TOP_FR_5_000000000000000$70$8TOP$910251$aORPH$bORPH$cKTS0$d2020-07-08$eKoopman$i20C17$oTOP FR 5$p20128097$r2021-01-12 00:00:00$w2021-01-12$yBOO
=999  \\$d10263

