=LDR  01276aam a2200253   4500
=001  10264
=008  211122s1929\\\\\\\|||||\||||\00|\0bfre\d
=041  \\$afre
=100  \\$aPrunières, Henry$d1886-1942$4aut$1http://www.wikidata.org/entity/Q3133019$916453
=245  \\$aLa Ve illustre et libertine de Jean-Baptiste Lully
=260  \\$aParis$bPlon$c1929
=490  \\$aLe Roman des grandes existences$v27
=600  \0$aLully, Jean-Baptiste$d1632-1687$1http://www.wikidata.org/entity/Q1192$95867
=600  \0$aLouis XIV$cKing of France$d1638-1715$1http://www.wikidata.org/entity/Q7742$99829
=648  \0$a17th Century (1601-1700)$1http://www.wikidata.org/entity/Q7016$920923
=650  \0$aComposer$1http://www.wikidata.org/entity/Q36834$93625
=650  \0$aOpera$1http://www.wikidata.org/entity/Q1344$92468
=650  \0$aBallet$1http://www.wikidata.org/entity/Q41425$94412
=650  \0$aBiography$1http://www.wikidata.org/entity/Q36279$91927
=651  \0$aParis (France)$1http://www.wikidata.org/entity/Q90$9160
=651  \0$aVersailles (France)$1http://www.wikidata.org/entity/Q621$920957
=942  \\$cBOO
=952  \\$00$10$2ddc$40$6BIO_LULL_D$70$8BIO$910252$aORPH$bORPH$cKTS1_P$d2020-07-08$eKoopman$i20D42$oBIO LULL d$p20125301$r2021-01-12 00:00:00$w2021-01-12$yBOO
=999  \\$d10264

