=LDR  03073ccm a2200409 a 4500
=001  10266
=005  20250227082255.0
=008  910328i19572008enkuuz|\\hz\\\\n\\|\eng\\
=020  \\$a9780852499085
=020  \\$a9790220222009
=024  \\$aPE8$cStainer & Bell
=040  \\$aOI
=041  \\$aeng$deng
=100  \\$aPurcell, Henry$d1659-1695$4cmp$1http://www.wikidata.org/entity/Q9695$95840
=240  \\$aWorks
=245  14$aThe Works of Henry Purcell$nvolumes 1, 8 & 27
=250  \\$aRev. ed.
=260  \\$aLondon$aSevenoaks$bNovello$bStainer & Bell$c1957; 1978; 2008
=300  \\$a3 volumes of music$c28-40 cm
=500  \\$a-- v. 2. Timon of Athens -- v. 3. Dido and Aeneas -- v. 4. A song for the Duke of Gloucester's birthday : 1695 -- v. 5. Twelve sonatas of three parts   -- v. 7. Ten sonatas of four parts -- - v. 9. Dioclesian   -- v. 11. Birthday odes for Queen Mary. Part I -- v. 12. The fairy queen -- v. 12. The fairy queen (new ed.) -- v. 13. Sacred music. Part I, Nine anthems with orchestral accompaniment ; Part I, Nine anthems with strings (New edition 2016) -- v. 14. Sacred music. Part II, Nine anthems with strings   -- v. 16. Dramatic music. Part I -- v. 17. Sacred music. Part III, Seven anthems with strings -- v. 18. Royal welcome songs. Part II -- v. 19. The Indian queen -- v. 20. Dramatic music. Part II -- v. 21. Dramatic music. Part III    -- v. 22B. Duets, dialogues, and trios -- v. 23. Services -- v. 24. Birthday odes for Queen Mary. Part II -- v. 25. Secular songs for solo voice -- v. 26. King Arthur -- v. 29. Sacred music. Part V. Part II. Continuo anthems, Part II -- v. 31. Fantazias and miscellaneous instrumental musi
=505  1\$gv. 1. Three occasional odes -- v. 8. Ode on St. Cecilia's Day : 1692 -- v. 27. Miscellaneous odes and cantatas
=648  \0$a17th Century (1601-1700)$1http://www.wikidata.org/entity/Q7016$920923
=650  \0$aOde$1http://www.wikidata.org/entity/Q178985$922208
=650  \0$aOpera$1http://www.wikidata.org/entity/Q1344 $92468
=650  \0$aMasque$1http://www.wikidata.org/entity/Q2207959$923174
=651  \0$aUnited Kingdom$1http://www.wikidata.org/entity/Q21$9273
=700  \\$aWood, Bruce$d1945-$4edt$99687
=700  \\$aGoldsbrough, A.$4edt$927617
=700  \\$aArundell, D.$4edt$927618
=700  \\$aLewis, Anthony$d1915-1983$4edt$99685
=700  \\$aDart, Thurston$d1921-1971$1http://www.wikidata.org/entity/Q963003$4edt$914832
=710  \\$aPurcell Society$4edt$91510
=942  \\$cSCO
=952  \\$00$10$2ddc$3Three Occasional Odes$40$6SCO_PURC$70$8SCO$910254$aORPH$bORPH$cKTS1_P$d2020-07-08$eKoopman$iWG.2293$l0$oSCO PURC$p20124273$r2021-01-12 00:00:00$w2021-01-12$ySCO$OW.2293
=952  \\$00$10$2ddc$3Miscellaneous odes and cantatas$40$6SCO_PURC$70$8SCO$923590$aORPH$bORPH$cKTS1_P$d2020-07-08$eKoopman$iW.groot.002$l0$oSCO PURC$p20124208$r2024-09-17 00:00:00$w2021-01-12$ySCO
=952  \\$00$10$2ddc$3Ode on St Cecilia's Day 1692$40$6SCO_PURC$70$8SCO$923591$aORPH$bORPH$cKTS1_P$d2020-07-08$eKoopman$iWG.0079$l0$oSCO PURC$r2024-09-17 00:00:00$w2021-01-12$ySCO
=999  \\$d10266

