=LDR  00392    a2200121   4500
=001  10269
=020  \\$a9062430104
=100  \\$aPutte, P. C. A. van$913388
=245  \\$aHeijmen Dullaert
=260  \\$c1978
=942  \\$cBOO
=952  \\$00$10$2ddc$40$6BIO_DULL_D$70$8BIO$910257$aORPH$bORPH$cKTS1_P$d2020-07-08$eKoopman$i42E30-1$oBIO DULL d$p20122019$r2021-01-12 00:00:00$w2021-01-12$yBOO$OKoopman
=999  \\$c10269$d10269

