=LDR  00714aam a2200181   4500
=001  10270
=008  250904s2014\\\\||||||||\||||\00|\0adut\d
=020  \\$a9789462580619
=041  \\$adut
=100  \\$aPutten, J. van$913389$4aut
=245  \\$aZwolle jaren later
=260  \\$aZwolle$bWbooks$c2014
=561  \\$aHandwritten dedication to Ton Koopman from the mayor of Zwolle, June 2015
=650  \0$aHistory$1http://www.wikidata.org/entity/Q309$921403
=651  \0$aZwolle (Netherlands)$1http://www.wikidata.org/entity/Q793$985
=942  \\$cBOO
=952  \\$00$10$2ddc$40$6TOP_NL_ZWO$70$8TOP$910258$aORPH$bORPH$cKTS0$d2020-07-08$eKoopman$i45C26$l0$oTOP NL.ZWO$p20127337$r2021-01-12 00:00:00$w2021-01-12$yBOO$OKoopman
=999  \\$d10270

