=LDR  00739    a2200181   4500
=001  10273
=008  231006s1968\\\\nl\a||||\||||\00|\0\dut\d
=041  \\$adut
=100  \\$aQuaedvlieg, G.$913391$4aut
=245  \\$aMaastricht orgelstad
=260  \\$c1968$aMaastricht$bLeiter-Nypels
=300  \\$a95 pages
=650  \0$1http://www.wikidata.org/entity/Q1444$aOrgan$92810
=650  \0$1http://www.wikidata.org/entity/Q899293$aOrganology$921400
=651  \0$1http://www.wikidata.org/entity/Q1309$aMaastricht (Netherlands)$921732
=942  \\$cBOO
=952  \\$00$10$2ddc$40$6INS_3_000000000000000_1A_NL_MAA1$70$8INS$910261$aORPH$bORPH$cKTS0$d2020-07-08$eKoopman$i24A11$l0$oINS3.1a NL.MAA1$p20128717$r2021-01-12 00:00:00$w2021-01-12$yBOO$OKoopman
=999  \\$d10273

