=LDR  00370    a2200109   4500
=001  10278
=100  \\$aQuittard, H.$913394
=245  \\$aHenry du Mont (1610-1684)
=260  \\$c1906
=942  \\$cBOO
=952  \\$00$10$2ddc$40$6BIO_MONT4_D$70$8BIO$910266$aORPH$bORPH$cKTS1_P$d2020-07-08$eKoopman$i19E06$l0$oBIO MONT4 d$p20127810$r2021-01-12 00:00:00$w2021-01-12$yBOO$OKoopman
=999  \\$c10278$d10278

