=LDR  01241aam a2200253   4500
=001  10280
=005  20250920142532.0
=008  220208s1953\\\\gw\\||||\||||\00|\0\ger\d
=041  \\$ager
=100  \\$aQuoika, Rudolf$4aut$1http://www.wikidata.org/entity/Q2004706$913395
=245  \\$aDie altösterreichische Orgel der später Gotik, der Renaissance und des Barock
=260  \\$c1953$aBasel$bBärenreiter
=300  \\$a73 pages
=600  \0$aGasparini, Francesco$d1661-1727$1http://www.wikidata.org/entity/Q446955$95534
=648  \0$aRenaissance (1400-1600)$1http://www.wikidata.org/entity/Q4692$920965
=648  \0$a17th Century (1601-1700)$1http://www.wikidata.org/entity/Q7016$920923
=648  \0$a18th Century (1701-1800)$1http://www.wikidata.org/entity/Q7015$920899
=650  \0$aPedal$1http://www.wikidata.org/entity/Q4591805$922613
=650  \0$aOrgan music$1http://www.wikidata.org/entity/Q2003283$91951
=650  \0$aOrgan$1http://www.wikidata.org/entity/Q1444$92810
=651  \0$aAustria$1http://www.wikidata.org/entity/Q40$9202
=942  \\$cBOO
=952  \\$00$10$2ddc$40$6INS_3_000000000000000_1A_AT$70$8INS$910268$aORPH$bORPH$cKTS0$d2020-07-08$eKoopman$i24A43$oINS3.1a AT$p20128687$r2021-01-12 00:00:00$w2021-01-12$yBOO
=999  \\$d10280

