=LDR  01142aam a2200241   4500
=001  10283
=008  240405s2005\\\\|||aoef|\||||\00|\0\ger\d
=041  \\$ager
=100  \\$aRaabe, Peter$d1872-1945$1http://www.wikidata.org/entity/Q654881$939576$4aut
=245  \\$aDas Historische Waisenhaus.$bDas Hauptgebäude der Franckeschen Stiftungen zu Halle
=250  \\$a2nd Ed.
=260  \\$aHalle$bVerlag der Franckeschen Stiftungen$c2005
=300  \\$a80 pages
=490  \\$aKataloge der Franckeschen Stiftungen$v1
=610  \0$aFranckesche Stiftungen (Halle, Germany)$1http://www.wikidata.org/entity/Q276846$927215
=650  \0$aOrphanage$1http://www.wikidata.org/entity/Q160645$92771
=650  \0$aMuseum$1http://www.wikidata.org/entity/Q33506$93137
=650  \0$aHistory$1http://www.wikidata.org/entity/Q309$921403
=651  \0$aHalle (Saale, Germany)$1http://www.wikidata.org/entity/Q2814$921799
=700  \\$aMüller-Bahlke, Thomas$4aut$912898
=942  \\$cBOO
=952  \\$00$10$2ddc$40$6TOP_DE_HAL1$70$8TOP$910271$aORPH$bORPH$cKTS0$d2020-07-08$eKoopman$i38A33$l0$oTOP DE.HAL1$p20130303$r2021-01-12 00:00:00$w2021-01-12$yBOO$OKoopman
=999  \\$d10283

