=LDR  00694aam a2200169   4500
=001  10284
=008  231116s1995\\\\||||||||\||||\00|\0\dut\d
=020  \\$a9073446570
=041  \\$adut
=100  \\$aRaasveld, P. P.$913397$4aut
=245  \\$aPictura, Poesis, Musica:$bEen onderzoek naar de rol van de muziek in embleemliteratuur
=260  \\$aDordrecht$bICG$c1995
=650  \0$aEmblem$1http://www.wikidata.org/entity/Q112110$93250
=650  \0$aMusic history$1http://www.wikidata.org/entity/Q846047$921373
=942  \\$cBOO
=952  \\$00$10$2ddc$40$6LIT_A_RAAS$70$8LIT$910272$aORPH$bORPH$cKM12_2_H$d2020-07-08$eKoopman$i21D27$l0$oLIT a RAAS$p20128275$r2021-01-12 00:00:00$w2021-01-12$yBOO$OKoopman
=999  \\$d10284

