=LDR  00824aam a2200193   4500
=001  10286
=008  220324s1965\\\\||||||||\||||\00|\f\fre\d
=041  \\$afre
=100  \\$aRabelais, François$dc. 1490-1553?$4aut$1http://www.wikidata.org/entity/Q131018$910931
=245  \\$aGargantua
=260  \\$aParis$bGallimard$c1965
=648  \0$a16th Century (1501-1600)$1http://www.wikidata.org/entity/Q7017$920944
=650  \0$aNovel$1http://www.wikidata.org/entity/Q8261$921629
=650  \0$aSatire$1http://www.wikidata.org/entity/Q128758$921636
=651  \0$aFrance$1http://www.wikidata.org/entity/Q142$9131
=700  \\$4edt$aMichel, Pierre$918478
=942  \\$cBOO
=952  \\$00$10$2ddc$40$6LIT_RABE_A$70$8LIT$910274$aORPH$bORPH$cKM12_2_H$d2020-07-08$eKoopman$i40H13$oLIT RABE a$p20122208$r2021-01-12 00:00:00$w2021-01-12$yBOO
=999  \\$d10286

