=LDR  01386aam a2200265   4500
=001  10289
=008  220302s1951\\\\||||||||\||||\00|\f\fre\d
=041  \\$afre
=100  \\$aRabelais, François$dc. 1490-1553?$4aut$1http://www.wikidata.org/entity/Q131018$910931
=245  \\$aŒuvres complètes
=246  \1$aOeuvres complètes
=260  \\$aParis$bGallimard$c1951
=300  \\$a1045 pages
=490  \\$aBibliothèque de la Pléiade$v15
=504  \\$aBibliography, p. 1011
=505  \\$gIntroduction -- Gargantua -- Pantagruel -- Le Tiers livre -- Le Quart livre -- Le Cinquiesme livre -- Œuvres diverses -- Lettres
=590  \\$aTexte établi d'après les dernières éditions revues par Rabelais, introduction, notes, commentaires, éclaircissements, variantes, traduction des œuvres et des citations grecques et latines, bibliographie complète
=648  \0$a16th Century (1501-1600)$1http://www.wikidata.org/entity/Q7017$920944
=650  \0$aLiterature$1http://www.wikidata.org/entity/Q8242$94439
=650  \0$aSatire$1http://www.wikidata.org/entity/Q128758$921636
=651  \0$aFrance$1http://www.wikidata.org/entity/Q142$9131
=700  \\$4edt$aBoulenger, Jacques$923782
=942  \\$cBOO
=952  \\$00$10$2ddc$40$6LIT_RABE_A$70$8LIT$910277$aORPH$bORPH$cKM12_2_H$d2020-07-08$eKoopman$i44D36$l1$oLIT RABE a$p20126603$r2022-03-10 00:00:00$s2022-03-02$w2021-01-12$yBOO
=999  \\$d10289

