=LDR  01389aam a2200265   4500
=001  10291
=008  241223s1986\\\\|||afgh|\||||\00|\0bger\d
=041  \\$ager
=100  \\$aRackwitz, Werner$1http://www.wikidata.org/entity/Q15973031$4aut$922257
=245  \\$aIl caro Sassone.$bGeorg Friedrich Händel: Lebensbeschreibung in Bildern
=260  \\$aLeipzig$bVEB Deutscher Verlag für Musik$c1986
=300  \\$a204 pages$billustrations, plates (color)
=500  \\$aLizenznummer (DDR): 418/515/A 7/85
=600  \0$aHandel, George Frideric$d1685-1759$1http://www.wikidata.org/entity/Q7302$94765
=648  \0$a17th Century (1601-1700)$1http://www.wikidata.org/entity/Q7016$920923
=648  \0$a18th Century (1701-1800)$1http://www.wikidata.org/entity/Q7015$920899
=650  \0$aComposer$1http://www.wikidata.org/entity/Q36834$93625
=650  \0$aBiography$1http://www.wikidata.org/entity/Q36279$91927
=650  \0$aIconography$1http://www.wikidata.org/entity/Q208145$921259
=651  \0$aHalle (Saale, Germany)$1http://www.wikidata.org/entity/Q2814$921799
=651  \0$aItaly$1http://www.wikidata.org/entity/Q38$922
=651  \0$aLondon (United Kingdom)$1http://www.wikidata.org/entity/Q84$9123
=942  \\$cBOO
=952  \\$00$10$2ddc$40$6BIO_HAND_D$70$8BIO$910279$aORPH$bORPH$cKTS1_P$d2020-07-08$eKoopman$i32B16$oBIO HAND d$p20122949$r2021-01-12 00:00:00$w2021-01-12$yBOO$OKoopman
=999  \\$d10291

