=LDR  01170cam a2200253 a 4500
=001  10293
=005  20250120120408.0
=008  000203s1999\\\\ne\\\\\\\b\\\\001\0bdut\\
=020  \\$a9065500588
=040  \\$aOI
=100  \\$aRademaker, C. S. M.$913402
=245  10$aLeven en werk van Gerardus Joannes Vossius (1577-1649) /$cdoor C.S.M. Rademaker.
=260  \\$aHilversum :$bVerloren,$c1999.
=300  \\$a384 p. :$bill. ;$c24 cm.
=504  \\$aIncludes bibliographical references (p. [340]-368) and index.
=600  \0$aVossius, Gerardus Joannes$d1577-1649$1http://www.wikidata.org/entity/Q785925$96738
=650  \0$aLiterature$1http://www.wikidata.org/entity/Q8242$94439
=651  \0$aNetherlands$1http://www.wikidata.org/entity/Q55$9173
=650  \0$aIntellectual$1http://www.wikidata.org/entity/Q58968$93616
=650  \0$aHumanism$1http://www.wikidata.org/entity/Q46158$92157
=942  \\$cBOO
=952  \\$00$10$2ddc$40$6BIO_VOSS1_D$70$8BIO$910281$aORPH$bORPH$cKTS1_P$d2020-07-08$eKoopman$i22A29$oBIO VOSS1 d$p20125604$r2021-01-12 00:00:00$w2021-01-12$yBOO$OKoopman
=999  \\$c10293$d10293
=648  \0$a17th Century (1601-1700)$1http://www.wikidata.org/entity/Q7016$920923

