=LDR  01015aam a2200217   4500
=001  10294
=008  240318s1967\\\\||||||||\||||\00|\0bdut\d
=041  \\$adut
=100  \\$aRademaker, C. S. M.$913402$4aut
=245  \\$aGerardus Joannes Vossius ((1577-1649)
=260  \\$aZwolle$bTjeenk Willink$c1967
=490  \\$aZwolse reeks van taal- en letterkundige studies$v21
=600  \0$aVossius, Gerardus Joannes$d1577-1649$1http://www.wikidata.org/entity/Q785925$96738
=648  \0$a17th Century (1601-1700)$1http://www.wikidata.org/entity/Q7016$920923
=650  \0$aHumanism$1http://www.wikidata.org/entity/Q46158$92157
=650  \0$aWriter$1http://www.wikidata.org/entity/Q36180$93885
=650  \0$aBiography$1http://www.wikidata.org/entity/Q36279$91927
=651  \0$aNetherlands$1http://www.wikidata.org/entity/Q55$9173
=942  \\$cBOO
=952  \\$00$10$2ddc$40$6BIO_VOSS1_D$70$8BIO$910282$aORPH$bORPH$cKTS1_P$d2020-07-08$eKoopman$i24F23$l0$oBIO VOSS1 d$p20125862$r2021-01-12 00:00:00$w2021-01-12$yBOO$OKoopman
=999  \\$d10294

