=LDR  01430cam a2200289 a 4500
=001  10295
=005  20250819155026.0
=008  990803s1999\\\\ne\ah\\\\b\\\\001\0ddut\\
=010  \\$a   99232927 
=035  \\$a(OCoLC)ocm44434063
=040  \\$aCUY$cCUY$dDLC
=042  \\$alccopycat
=020  \\$a9065500472
=100  \\$aRadermacher, Johan$d1538-1617$1http://www.wikidata.org/entity/Q1692064$913405
=245  14$aHet album J. Rotarii :$btekstuitgave van het werk van Johan Radermacher de Oude (1538-1617) in het Album J. Rotarii, handschrift 2465 van de Centrale Bibliotheek van de Rijksuniversiteit te Gent /$cmet inleiding en commentaar door K. Bostoen ; met medewerking van C.A. Binnerts-Kluyver, C.J.E.J. Hattink en A.M. van Lynden-de Bruïne.
=260  \\$aHilversum :$bVerloren,$c1999.
=300  \\$a118 p. :$bill., facsims. ;$c24 cm.
=504  \\$aIncludes bibliographical references (p. [107]-114).
=600  \0$aRadermacher, Johan$d1538-1617$1http://www.wikidata.org/entity/Q1692064$913405
=700  \\$aBostoen, K. J. S.$913407
=700  \\$aBinnerts-Kluyver, C. A.$913408
=700  \\$aHattink, C. J. E. J.$913409
=700  \\$aLynden-de Bruïne, A. M. van$913410
=710  \\$aRijksuniversiteit Gent$91511
=942  \\$cBOO
=952  \\$00$10$2ddc$40$6BIO_RADE2_E$70$8BIO$910283$aORPH$bORPH$cKTS1_P$d2020-07-08$eKoopman$i22A24$oBIO RADE2 e$p20125609$r2021-01-12 00:00:00$w2021-01-12$yBOO$OKoopman
=999  \\$c10295$d10295

