=LDR  00959aam a2200217   4500
=001  10296
=008  220615s1969\\\\it\\||||\||||\00|\0\ita\d
=041  \\$aita
=100  \\$aRadole, Giuseppe$4aut$913411
=245  \\$aL'Arte Organaria in Istria
=260  \\$c1969$aBologna$bRiccardo Patron
=300  \\$a167 pages
=490  \\$aBiblioteca di cultura organaria e organistica$vVolume II
=650  \0$aOrgan$1http://www.wikidata.org/entity/Q1444$92810
=650  \0$aOrganology$1http://www.wikidata.org/entity/Q899293$921400
=651  \0$aCroatia$1http://www.wikidata.org/entity/Q224$922359
=651  \0$aFriuli Venezia Giulia (Italy)$1http://www.wikidata.org/entity/Q1250$924373
=651  \0$aIstria (Croatia)$1http://www.wikidata.org/entity/Q639912$924386
=942  \\$cBOO
=952  \\$00$10$2ddc$40$6INS_3_000000000000000_1A_HR_IST$70$8INS$910284$aORPH$bORPH$cKTS0$d2020-07-08$eKoopman$i42G09$oINS3.1a HR.IST$p20120039$r2021-01-12 00:00:00$w2021-01-12$yBOO
=999  \\$d10296

