=LDR  01977cam a22003374a 4500
=001  10302
=005  20251103145221.0
=008  000731m19992000\\\\\\\\\b\\\\000\0\ita\c
=041  \\$aita
=100  \\$aRagni, Stefano$4aut$913413
=245  12$aI viaggiatori musicali nell'Italia del Settecento$bI. Cristina di Svezia, G.F. Haendel, Ch. De Brosses e J.J. Rousseau II. Giacomo Casanova e Corinna di Madame de Staël
=260  \\$aPerugia$bGuerra$c1999$c2000
=300  \\$a2 vols. (150+175 pages)
=500  \\$a"Università per stranieri di Perugia"--Cover.
=504  \\$aIncludes bibliographical references.
=561  \\$aEx libris Gustav Leonhardt
=600  \0$aChristina of Sweden$d1626-1689$1http://www.wikidata.org/entity/Q52937$921480
=600  \0$aHandel, George Frideric$d1685-1759$1http://www.wikidata.org/entity/Q7302$94765
=600  \0$aBrosses, Charles de$d1709-1777$1http://www.wikidata.org/entity/$96733
=600  \0$aRousseau, Jean-Jacques$d1712-1778$1http://www.wikidata.org/entity/Q6527$95214
=600  \0$aCasanova, Giacomo$d1725-1798$1http://www.wikidata.org/entity/Q83321$913414
=600  \0$aStaël, Germaine de$d1766-1817$1http://www.wikidata.org/entity/Q123041$96721
=648  \0$a18th Century (1701-1800)$1http://www.wikidata.org/entity/Q7015$920899
=648  \0$a19th Century (1801-1900)$1http://www.wikidata.org/entity/Q6955$920935
=650  \0$aTravel$1http://www.wikidata.org/entity/Q61509$94440
=650  \0$aMusic history$1http://www.wikidata.org/entity/Q846047$921373
=651  \0$aItaly$1http://www.wikidata.org/entity/Q38$922
=942  \\$cBOO
=952  \\$00$10$2ddc$3vol.1$40$6TOP_IT_5_000000000000000$70$8TOP$910290$aORPH$bORPH$cKTS0$d2020-07-08$eKoopman$i43G33$l0$oTOP IT 5$p20126769$r2021-01-12 00:00:00$w2021-01-12$yBOO$OKoopman
=952  \\$00$10$2ddc$3vol.2$40$6TOP_IT_5_000000000000000$70$8TOP$910291$aORPH$bORPH$cKTS0$d2020-07-08$eKoopman$i43G33$l0$oTOP IT 5$p20126768$r2021-01-12 00:00:00$w2021-01-12$yBOO$OKoopman
=999  \\$d10302

