=LDR  00997aam a2200241   4500
=001  10313
=008  250310s1993\\\\|||fo|||\b|||\00|\0\ger\d
=020  \\$a3929330180
=041  \\$ager
=100  \\$aRamm, Peter$913421$4aut
=245  \\$aDer Dom zu Merseburg
=250  \\$a3rd Ed.
=260  \\$aMerseburg$bMerseburger Land$bKulturhistorisches Museum Merseburg$c1993
=300  \\$a96 pages
=610  \0$aMerseburger Dom (Germany)$1http://www.wikidata.org/entity/Q878372$939861
=650  \0$aChurch$1http://www.wikidata.org/entity/Q16970$93776
=650  \0$aOrgan$1http://www.wikidata.org/entity/Q1444$92810
=650  \0$aArchitecture$1http://www.wikidata.org/entity/Q12271$93185
=651  \0$aMerseburg (Germany)$1http://www.wikidata.org/entity/Q14945$939862
=700  \\$aStekovics, Janos$4pht$940117
=942  \\$cBOO
=952  \\$00$10$2ddc$40$6TOP_DE_MER$70$8TOP$910301$aORPH$bORPH$cKTS0$d2020-07-08$eKoopman$i18D58$l0$oTOP DE.MER$p20125016$r2021-01-12 00:00:00$w2021-01-12$yBOO$OKoopman
=999  \\$d10313

