=LDR  01964cam a2200313 a 4500
=001  10315
=008  950928s1994\\\\sp\ag\\\\bc\\\001\0\spa\|
=041  \\$aspa
=100  \\$aPontac, Diego de$d1603-1654$4cmp$1http://www.wikidata.org/entity/Q5806482$913423
=245  13$aLa música en la Catedral de Granada en la primera mitad del siglo XVII:$bDiego de Pontac
=246  30$aDiego de Pontac
=260  \\$aGranada$bDiputación Provincial de Granada, Area de Cultura y Juventud$bJunta de Andalucía, Consejería de Cultura, Centro de Documentación Musical de Andalucía$c1994
=300  \\$a2 vols. (397+313 pages)
=490  1\$aColección Clave
=500  \\$aVol. 2 consists of sacred vocal music (principally) and 2 untexted pieces from a ms. prepared by Pontac in 1631 for publication.
=500  \\$aThematic catalog of works by Pontac: v. 1, p. 273-293.
=504  \\$aIncludes bibliographical references (v. 1, p. 361-373) and index.
=610  \0$aIglesia Catedral de la Anunciación (Granada, Spain)$1http://www.wikidata.org/entity/Q5419362$922526
=648  \0$a17th Century (1601-1700)$1http://www.wikidata.org/entity/Q7016$920923
=650  \0$aChurch music$1http://www.wikidata.org/entity/Q8812109$92283
=650  \0$aVocal music$1http://www.wikidata.org/entity/Q685884$93319
=650  \0$aMusic history$1http://www.wikidata.org/entity/Q846047$921373
=650  \0$aCatholicism$1http://www.wikidata.org/entity/Q1841$921631
=651  \0$aGranada (Spain)$1http://www.wikidata.org/entity/Q8810$926814
=700  \\$4edt$4aut$aRamos López, Pilar$913422
=942  \\$cBOO
=952  \\$00$10$2ddc$3vol. 2$40$6TOP_ES_GRA_5_000000000000000$70$8TOP$910303$aORPH$bORPH$cKTS0$d2020-07-08$eKoopman$i38B06$oTOP ES.GRA 5$p20120472$r2021-01-12 00:00:00$w2021-01-12$yBOO
=952  \\$00$10$2ddc$3vol. 1$40$6TOP_ES_GRA_5_000000000000000$70$8TOP$921015$aORPH$bORPH$cKTS0$d2020-07-08$eKoopman$i38B06$oTOP ES.GRA 5$p20120473$r2021-11-26 00:00:00$w2021-01-12$yBOO
=999  \\$d10315

