=LDR  01341cam a2200301 a 4500
=001  10316
=005  20250926134856.0
=008  000902s2000\\\\gw\a\\\\\b\\\\001\0\ger\d
=010  \\$a   00430935 
=015  \\$aGBA1-06331
=020  \\$a3761813457
=035  \\$a(OCoLC)ocm44937058
=040  \\$aOHX$cOHX$dORU$dUKM$dDLC
=042  \\$alccopycat
=100  \\$aRampe, Siegbert$d1964-$99486
=245  10$aBachs Orchestermusik :$bEntstehung, Klangwelt, Interpretation : ein Handbuch /$cSiegbert Rampe, Dominik Sackmann ; unter Mitarbeit von Ruth Funke ... [et al.].
=260  \\$aKassel :$bBärenreiter,$c2000.
=300  \\$a507 p. :$bill. ;$c25 cm.
=504  \\$aIncludes bibliography (p. 472-491) and indexes.
=600  \0$aBach, Johann Sebastian$d1685-1750$1http://www.wikidata.org/entity/Q1339$94766
=600  \0$aBach, Johann Sebastian,$d1685-1750.$tMein Herze schwimmt im Blut.$913364
=650  \0$aHistorically informed performance$1http://www.wikidata.org/entity/Q1344860$920980
=700  \\$aSackmann, Dominik$911045
=700  \\$aFunke, Ruth$913427
=942  \\$cBOO
=952  \\$00$10$2ddc$40$6BIO_BACH1_E$70$8BIO$910304$aORPH$bORPH$cKTS1_P$d2020-07-08$eKoopman$i28E37$oBIO BACH1 e$p20121397$r2021-01-12 00:00:00$w2021-01-12$yBOO
=999  \\$c10316$d10316
=648  \0$a18th Century (1701-1800)$1http://www.wikidata.org/entity/Q7015$920899

