=LDR  01792cam a22004094i 4500
=001  10317
=005  20250926135309.0
=008  141219s2014\\\\gw\ag\\\\b\\\\001\0bger\c
=010  \\$a  2015379448
=016  7\$a016884611$2Uk
=020  \\$a3890078389
=020  \\$a9783890078380
=035  \\$a(OCoLC)ocn890766741
=035  \\$a(OCoLC)890766741$z(OCoLC)892582374
=040  \\$aQGK$beng$erda$cQGK$dQGK$dOHX$dSTF$dUKMGB$dIXA$dYDXCP$dOCLCF$dDLC
=042  \\$alccopycat
=043  \\$ae-gx---
=072  \7$aML$2lcco
=100  \\$aRampe, Siegbert$d1964-$4aut$99486
=245  10$aCarl Philipp Emanuel Bach und seine Zeit /$cSiegbert Rampe.
=264  \1$aLaaber :$bLaaber Verlag,$c[2014]
=300  \\$a659 pages :$billustrations, music ;$c23 cm.
=336  \\$atext$btxt$2rdacontent
=337  \\$aunmediated$bn$2rdamedia
=338  \\$avolume$bnc$2rdacarrier
=490  1\$aGrosse Komponisten und ihre Zeit
=504  \\$aIncludes bibliographical references (pages 582-603) and indexes.
=600  \0$aBach, Carl Philipp Emanuel$d1714-1788$1http://www.wikidata.org/entity/Q76428$99218
=650  \0$aComposer$1http://www.wikidata.org/entity/Q36834$93625
=600  \0$0(OCoLC)fst00038671$aBach, Carl Philipp Emanuel$d1714-1788$1http://www.wikidata.org/entity/Q76428$99218
=650  \0$0(OCoLC)fst00871620$aComposer$1http://www.wikidata.org/entity/Q36834$93625
=650  \0$0(OCoLC)fst01423686$aBiography$1http://www.wikidata.org/entity/Q36279$91927
=651  \0$0(OCoLC)fst01210272$aGermany$1http://www.wikidata.org/entity/Q183$9155
=830  \0$9837$aGrosse Komponisten und ihre Zeit.
=942  \\$cBOO
=952  \\$00$10$2ddc$40$6BIO_BACH2_B$70$8BIO$910305$aORPH$bORPH$cKTS1_P$d2020-07-08$eKoopman$i44G09$oBIO BACH2 b$p20126872$r2023-05-25 00:00:00$w2021-01-12$yBOO
=999  \\$c10317$d10317

