=LDR  01671cam a22003374i 4500
=001  10318
=008  140418s2014\\\\gw\ag\\\\b\\\\001\0\ger\c
=010  \\$a  2014399588
=041  \\$ager
=100  \\$aRampe, Siegbert$d1964-$4aut$99486
=245  10$aOrgel- und Clavierspielen 1400-1800.$bEine deutsche Sozialgeschichte im europäischen Kontext
=264  \1$aMünchen $bMusikverlag Katzbichler$c2014
=300  \\$a353 pages 
=336  \\$aprinted
=490  1\$aMusikwissenschaftliche Schriften $vBand 48
=504  \\$aIncludes bibliographical references, sources and index.
=561  \\$aEx Libris Ton Koopman
=648  \0$a15th Century (1401-1500)$1http://www.wikidata.org/entity/Q7018$921015
=648  \0$a16th Century (1501-1600)$1http://www.wikidata.org/entity/Q7017$920944
=648  \0$a17th Century (1601-1700)$1http://www.wikidata.org/entity/Q7016$920923
=648  \0$a18th Century (1701-1800)$1http://www.wikidata.org/entity/Q7015$920899
=648  \0$a19th Century (1801-1900)$1http://www.wikidata.org/entity/Q6955$920935
=650  \0$aKeyboard instrument$1http://www.wikidata.org/entity/Q52954$92849
=650  \0$aOrganist$1http://www.wikidata.org/entity/Q765778$94471
=650  \0$aMusic criticism$1http://www.wikidata.org/entity/Q11748889$921598
=650  \0$aKeyboard music$1http://www.wikidata.org/entity/Q105715630$921412
=650  \0$aMusic history$1http://www.wikidata.org/entity/Q846047$921373
=651  \0$aGermany$1http://www.wikidata.org/entity/Q183$9155
=942  \\$cBOO
=952  \\$00$10$2ddc$40$6INS_3A_DE$70$8INS$910306$aORPH$bORPH$cKTS0$d2020-07-08$eKoopman$i46E09$oINS3a DE$p20126959$r2021-01-12 00:00:00$w2021-01-12$yBOO
=999  \\$d10318

