=LDR  01759cam a2200349 a 4500
=001  10323
=005  20250820130240.0
=008  911029s1991\\\\fr\g\\\\\b\\\\000\0\fre\\
=020  \\$a2868695183 :
=040  \\$aOI
=041  \\$afre
=100  \\$aRanum, Patricia M.$4aut$913435
=245  10$aMéthode de la prononciation latine dite vulgaire ou à la française :$bpetite méthode à l'usage des chanteurs et des récitants d'après le manuscrit de dom Jacques Le Clerc
=260  \\$aArles$bActes Sud$c1991
=300  \\$a108 pages$bmusic$c22 cm
=490  \\$aSérie "Musique"
=504  \\$aIncludes bibliographical references (p. 103-[104]).
=648  \0$a17th Century (1601-1700)$1http://www.wikidata.org/entity/Q7016$920923
=650  \0$aSinging$1http://www.wikidata.org/entity/Q27939$92767
=650  \0$aRhetoric$1http://www.wikidata.org/entity/Q81009$93894
=650  \0$aPronunciation$1http://www.wikidata.org/entity/Q184377$93632
=650  \0$aLatin$1http://www.wikidata.org/entity/Q397$93992
=650  \0$aVocal music$1http://www.wikidata.org/entity/Q685884$93319
=650  \0$aChurch music$1http://www.wikidata.org/entity/Q8812109$1http://www.wikidata.org/entity/Q1065742$92283
=650  \0$aMethod$1http://www.wikidata.org/entity/Q2250960$921402
=650  \0$aHistorically informed performance$1http://www.wikidata.org/entity/Q1344860$920980
=651  \0$aFrance$1http://www.wikidata.org/entity/Q142$9131
=700  \\$aLe Clerc, Jacques$dc. 1620-1679$913436$4aut
=700  \\$aChristie, William$d1944-$1http://www.wikidata.org/entity/Q376588$939896$4win
=942  \\$cBOO
=952  \\$00$10$2ddc$40$6INS_2C$70$8INS$910311$aORPH$bORPH$cKM12_1$d2020-07-08$eKoopman$i29E08$l0$oINS2c$p20121287$r2021-01-12 00:00:00$w2021-01-12$yBOO
=999  \\$d10323

