=LDR  01426cam a22002774a 4500
=001  10324
=008  001207s2001\\\\nyuagd\\\b\\\\001\0\eng\d
=041  \\$aeng
=100  \\$aRanum, Patricia M.$913435$4aut
=245  14$aThe Harmonic Orator:$bThe Phrasing and Rhetoric of the Melody in French Baroque Airs
=260  \\$aHillsdale, NY$bPendragon$c2001
=300  \\$axxvii-496 pages
=504  \\$aIncludes bibliographical references (p. 473-487) and index.
=648  \0$a17th Century (1601-1700)$1http://www.wikidata.org/entity/Q7016$920923
=648  \0$a18th Century (1701-1800)$1http://www.wikidata.org/entity/Q7015$920899
=650  \0$aAir$1http://www.wikidata.org/entity/Q406714$924073
=650  \0$aRhetoric$1http://www.wikidata.org/entity/Q81009$93894
=650  \0$aPhrasing$1http://www.wikidata.org/entity/Q15130689$925915
=650  \0$aMelody$1http://www.wikidata.org/entity/Q170412$923237
=650  \0$aEmotion$1http://www.wikidata.org/entity/Q9415$921566
=650  \0$aHistorically informed performance$1http://www.wikidata.org/entity/Q1344860$920980
=651  \0$aFrance$1http://www.wikidata.org/entity/Q142$9131
=700  \\$aChristie, William$d1944-$1http://www.wikidata.org/entity/Q376588$4win$939896
=942  \\$cBOO
=952  \\$00$10$2ddc$40$6TOP_FR_5_000000000000000$70$8TOP$910312$aORPH$bORPH$cKTS0$d2020-07-08$eKoopman$i41E10$l0$oTOP FR 5$p20122102$r2021-01-12 00:00:00$w2021-01-12$yBOO$OKoopman
=999  \\$d10324

