=LDR  01334cam a2200265 a 4500
=001  10325
=005  20250121142126.0
=008  930825s1992\\\\gw\g\\\\\b\\\\000\0dger\\
=020  \\$a3873970899
=040  \\$aOI
=100  1\$aRapp, Regula.
=245  10$aJohann Gottfried Müthels Konzerte für Tasteninstrument und Streicher /$cRegula Rapp.
=260  \\$aMünchen :$bE. Katzbichler,$c1992.
=300  \\$a206 p. :$bmusic ;$c24 cm.
=500  \\$aRevision of the author's thesis (Technische Universität Berlin, 1990) originally presented under the title: Die Konzerte für Tasteninstrumente und Streicher von Johann Gottfried Müthel.
=504  \\$aIncludes bibliographical references.
=500  \\$aErrata slip inserted.
=600  10$aMüthel, Johann Gottfried,$d1728-1788.$tConcertos,$mharpsichord, string orchestra.
=650  \0$aConcertos (Keyboard instrument with string orchestra)$y18th century
=952  \\$00$10$2ddc$40$6BIO_MÜTH_E$70$8BIO$910313$aORPH$bORPH$cKTS1_P$d2020-07-08$eKoopman$i33C17$l0$oBIO MÜTH e$p20123009$r2021-01-12 00:00:00$w2021-01-12$yBOO$OKoopman
=999  \\$c10325$d10325
=490  \\$aBerliner musikwissenschaftliche Arbeiten ;$vBd. 40
=648  \0$a18th Century (1701-1800)$1http://www.wikidata.org/entity/Q7015$920899
=650  \0$aMusic history$1http://www.wikidata.org/entity/Q846047$921373
=942  \\$cBOO

