=LDR  01308cam a2200265 a 4500
=001  10326
=005  20251014110739.0
=008  911115s1990\\\\ne\a\\\\\bc\\\001\0\eng\\
=020  \\$a906179112X
=040  \\$aOI
=041  \\$aeng
=100  \\$4aut$aRappard-Boon, Charlotte van$913437
=245  14$aThe Age of Yoshitoshi:$bJapanese Prints from the Meiji and Taishō Periods. Nagasaki, Yokohama, and Kamigata Prints: Recent Acquisitions
=260  \\$aAmsterdam$bRijksprentenkabinet, Rijksmuseum$c1990
=300  \\$a187 pages$billustrations (some color)$c30 cm
=490  \\$aCatalogue of the collection of Japanese prints$v5
=504  \\$aIncludes bibliographical references (p. 166-167) and indexes.
=610  \0$aRijksmuseum (Amsterdam, Netherlands)$1http://www.wikidata.org/entity/Q190804$91244
=648  \0$a19th Century (1801-1900)$1http://www.wikidata.org/entity/Q6955$920935
=648  \0$a20th Century (1901-2000)$1http://www.wikidata.org/entity/Q6927$920936
=650  \0$aFine art$1http://www.wikidata.org/entity/Q219625$921579
=651  \0$aJapan$1http://www.wikidata.org/entity/Q17$921369
=942  \\$cBOO
=952  \\$00$10$2ddc$40$6TOP_JP_6_000000000000000$70$8TOP$910314$aORPH$bORPH$cKTS0$d2020-07-08$eKoopman$i18B18$l0$oTOP JP 6$p20127752$r2021-01-12 00:00:00$w2021-01-12$yBOO$OKoopman
=999  \\$d10326

