=LDR  01659cam a2200301 a 4500
=001  10329
=005  20250120120131.0
=008  990830s1985\\\\ne\a\\\\\bk\\\001\0\dut\\
=020  \\$a9063750439
=040  \\$aOI
=041  0\$adut$beng
=100  \\$aRasch, Rudolf$d1945-$4aut$1http://www.wikidata.org/entity/Q112427566$913439
=245  13$aDe cantiones natalitiæ en het kerkelijke muziekleven in de zuidelijke Nederlanden gedurende de zeventiende eeuw
=246  \1$aDe cantiones natalitiae en het kerkelijke muziekleven in de zuidelijke Nederlanden gedurende de zeventiende eeuw
=260  \\$aUtrecht$bVereniging voor Nederlandse Muziekgeschiedenis$c1985
=300  \\$a2 vols. (xix-552 pages)$billustrations$c21 cm
=490  \\$aMuziekhistorische monografieën$v10
=500  \\$aOriginally presented as the author's thesis (doctoral).
=504  \\$aIncludes bibliographical references (p. 484-523), discography (p. 523), and index.
=546  \\$aSummary in English.
=648  \0$a17th Century (1601-1700)$1http://www.wikidata.org/entity/Q7016$920923
=650  \0$aChristmas carol$1http://www.wikidata.org/entity/Q503354$921998
=650  \0$aReligion$1http://www.wikidata.org/entity/Q9174$93062
=651  \0$aBelgium$1http://www.wikidata.org/entity/Q31$920881
=942  \\$cBOO
=952  \\$00$10$2ddc$3vol. 1$40$6TOP_BE_5_000000000000000$70$8TOP$910316$aORPH$bORPH$cKTS0$d2020-07-08$eKoopman$i19F40$l0$oTOP BE 5$p20125233$r2021-01-12 00:00:00$w2021-01-12$yBOO
=952  \\$00$10$2ddc$3vol. 2$40$6TOP_BE_5_000000000000000$70$8TOP$910317$aORPH$bORPH$cKTS0$d2020-07-08$eKoopman$i19F40$l0$oTOP BE 5$p20125232$r2021-01-12 00:00:00$w2021-01-12$yBOO
=999  \\$d10329

