=LDR  00663aam a2200157   4500
=001  10330
=008  230406s1981\\\\||||||||\||||\00|\0\eng\d
=041  \\$aeng
=100  \\$aRasch, Rudolf$d1945-$4aut$1http://www.wikidata.org/entity/Q112427566$913439
=245  \\$aAspects of the Perception and Performance of Polyphonic Music
=260  \\$aUtrecht$bElinkwijk$c1981
=300  \\$a99 pages
=500  \\$aProefschrift ter verkrijging van het doctoraat in de Sociale Wetenschappen ... Groningen
=942  \\$cBOO
=952  \\$00$10$2ddc$40$6AES_RASC$70$8AES$910318$aORPH$bORPH$cKM12_1$d2020-07-08$eKoopman$i47F31$l0$oAES RASC$p20123820$r2021-01-12 00:00:00$w2021-01-12$yBOO
=999  \\$d10330

