=LDR  00938aam a2200193   4500
=001  10339
=008  240318s1931\\\\||||||||\||||\00|\0\ger\d
=041  \\$ager
=100  \\$aRauschning, Hermann$d1887-1982$4aut$913446
=245  \\$aGeschichte der Musik und Musikpflege in Danzig.$bVon den Anfängen bis zur Auflösung der Kirchenkapellen
=260  \\$aGdánsk$bKommissionsverlag der Danziger Verlags-Gesellschaft$c1931
=300  \\$axii-434 pages
=490  \\$aQuellen und Darstellungen zur Geschichte Weltpreußens$v15
=650  \0$aMusic history$1http://www.wikidata.org/entity/Q846047$921373
=651  \0$aGdańsk (Poland)$1http://www.wikidata.org/entity/Q1792$924109
=856  \\$uhttps://pbc.gda.pl/dlibra/publication/7594/edition/31021/content
=942  \\$cBOO
=952  \\$00$10$2ddc$40$6TOP_PL_GDA$70$8TOP$910326$aORPH$bORPH$cKTS0$d2020-07-08$eKoopman$i28B39$l0$oTOP PL.GDA$p20121468$r2021-01-12 00:00:00$w2021-01-12$yBOO$OKoopman
=999  \\$d10339

