=LDR  01487cam a22003137a 4500
=001  10341
=005  20250120115934.0
=008  030822s2003\\\\gw\a\\\\\bc\\\000\0dger\d
=010  \\$a  2004457897
=020  \\$a3775713549 (hd. bd.)
=035  \\$a(OCoLC)ocm52911214
=040  \\$aOHX$cOHX$dOCLCQ$dWAU$dDLC
=042  \\$alccopycat
=072  \7$aND$2lcco
=100  \\$aTraversi, Gaspare$d1722/23-1770$1http://www.wikidata.org/entity/Q1388163$913448
=245  10$aGaspare Traversi :$bHeiterkeit im Schatten /$cAugust Bernhard Rave ; mit Beiträgen von Francesco Barocelli ... [et al.].
=246  30$aHeiterkeit im Schatten
=260  \\$aOstfildern-Ruit :$bHatje Cantz,$cc2003.
=300  \\$a184 p. :$bill. (chiefly col.) ;$c29 cm.
=500  \\$aCatalog of exhibitions held in Staatsgalerie Stuttgart, July 19-Nov. 16, 2003, and Museo e Gallerie Nazionali di Capodimonte, Naples.
=504  \\$aIncludes bibliographical references (p. 175-182).
=600  \0$aTraversi, Gaspare$d1722/23-1770$1http://www.wikidata.org/entity/Q1388163$913448
=700  \\$aRave, August.$913450
=700  \\$aBarocelli, Francesco$913451
=710  \\$aStaatsgalerie Stuttgart (Germany)$1http://www.wikidata.org/entity/Q14917275$91520
=710  \\$aMuseo nazionale di Capodimonte (Naples, Italy)$91521
=942  \\$cBOO
=952  \\$00$10$2ddc$40$6BIO_TRAV_E$70$8BIO$910328$aORPH$bORPH$cKTS1_P$d2020-07-08$eKoopman$i30C04$oBIO TRAV e$p20121242$r2021-01-12 00:00:00$w2021-01-12$yBOO$OKoopman
=999  \\$c10341$d10341

