=LDR  01363aam a2200277   4500
=001  10342
=005  20251027165933.0
=008  230419s1970\\\\|||fda||\b|||\00|\0\ger\d
=041  \\$ager
=100  \\$aRavizza, Victor$4aut$913452
=245  \\$aDas instrumentale Ensemble von 1400-1550 in Italien:$bWandel eines Klangbildes
=260  \\$aBern$aStuttgart$bHaupt$c1970
=300  \\$a109 pages
=490  \\$aPublikationen der schweizerischen Musikforschenden Gesellschaft, serie 2$v21
=648  \0$1http://www.wikidata.org/entity/Q4692$aRenaissance (1400-1600)$920965
=650  \0$aInstrumental music$1http://www.wikidata.org/entity/Q639197$92106
=650  \0$aMusic history$1http://www.wikidata.org/entity/Q846047$921373
=650  \0$aMusical Instrument$1http://www.wikidata.org/entity/Q899293$940212
=650  \0$aInstrumentation$1http://www.wikidata.org/entity/Q617028$923032
=650  \0$aIconography$1http://www.wikidata.org/entity/Q208145$921259
=650  \0$aFine art$1http://www.wikidata.org/entity/Q219625$921579
=650  \0$aCatholicism$1http://www.wikidata.org/entity/Q1841$921631
=651  \0$1http://www.wikidata.org/entity/Q38$aItaly$922
=942  \\$cBOO
=952  \\$00$10$2ddc$40$6TOP_IT_4_000000000000000$70$8TOP$910329$aORPH$bORPH$cKTS0$d2020-07-08$eKoopman$i30F18$l0$oTOP IT 4$p20123312$r2021-01-12 00:00:00$w2021-01-12$yBOO$OKoopman
=999  \\$d10342

