=LDR  00797aam a2200205   4500
=001  10343
=008  250715s1921\\\\||||||||\||||\00|\p\fre\d
=041  \\$afre
=100  \\$aRaynaud, Gaston$916289$4edt
=245  \\$aLa Chastelaine de Vergi
=260  \\$aParis$bChampion$c1921
=490  \\$aClassiques français du moyen êge$v1
=561  \\$aEx libris Laura Dobbenga
=648  \0$aMiddle Ages (500-1400)$1http://www.wikidata.org/entity/Q12554$920964
=650  \0$aPoetry$1http://www.wikidata.org/entity/Q482$93026
=651  \0$aFrance$1http://www.wikidata.org/entity/Q142$9131
=700  \\$aFoulet, L.$4edt$940807
=942  \\$cBOO
=952  \\$00$10$2ddc$40$6LIT_A_RAYN$70$8LIT$910330$aORPH$bORPH$cKM12_2_H$d2020-07-08$eKoopman$i43D08$oLIT a RAYN$p20126526$r2021-01-12 00:00:00$w2021-01-12$yBOO
=999  \\$d10343

