=LDR  01284pam a2200277 a 4500
=001  10344
=005  20250120120549.0
=008  930419s1993\\\\enkag\\\\b\\\\001\0deng\\
=010  \\$a   93004378 
=020  \\$a0198162723 (cloth : acidfree paper)
=040  \\$aOI
=041  \\$aeng
=100  \\$aReardon, Colleen$4aut$923752
=245  10$aAgostino Agazzari and Music at Siena Cathedral, 1597-1641
=260  \\$aOxford$bClarendon$aNew York$bOxford University Press$c1993
=300  \\$avi-214 pages$billustrations, music$c24 cm
=504  \\$aIncludes bibliographical references and index.
=600  \0$aAgazzari, Agostino$d1578-1640$xCriticism and interpretation.$1http://www.wikidata.org/entity/Q395563$921423
=610  \0$aDuomo di Siena (Italy)$1http://www.wikidata.org/entity/Q282554$923753
=648  \0$a17th Century (1601-1700)$1http://www.wikidata.org/entity/Q7016$920923
=650  \0$aComposer$1http://www.wikidata.org/entity/Q36834$93625
=650  \0$aChurch music$1http://www.wikidata.org/entity/Q8812109$92283
=651  \0$aSiena (Italy)$1http://www.wikidata.org/entity/Q2751$921702
=942  \\$cBOO
=952  \\$00$10$2ddc$40$6BIO_AGAZ_E$70$8BIO$910331$aORPH$bORPH$cKTS1_P$d2020-07-08$eKoopman$i21F15$oBIO AGAZ e$p20125492$r2021-01-12 00:00:00$w2021-01-12$yBOO
=999  \\$d10344

