=LDR  01397nam a2200277 a 4500
=001  10349
=005  20250926134856.0
=008  950908s1995\\\\gw\ag\\\\b\\\\000\0\ger\d
=010  \\$a   96122441 
=020  \\$a3631484992
=035  \\$a(OCoLC)33291264 
=040  \\$aMH-Mu$cMH-Mu$dOO$dDLC
=042  \\$alccopycat
=100  \\$aRechtsteiner, Hans-Jörg$913460
=245  10$aAlles geordnet mit Mass, Zahl und Gewicht :$bder Idealplan von Johann Sebastian Bachs Kunst der Fuge /$cHans-Jörg Rechtsteiner.
=260  \\$aFrankfurt am Main ;$aNew York :$bP. Lang,$cc1995.
=300  \\$a98 p. :$bill., music ;$c21 cm.
=490  1\$aEuropäische Hochschulschriften. Reihe XXXVI, Musikwissenschaft,$x0721-3611 ;$vBd. 140 =$aPublications universitaires européennes. Série XXXVI, Musicologie ;$vvol. 140 =$aEuropean university studies. Series XXXVI, Musicology ;$vvol. 140
=500  \\$aErrata slip inserted.
=504  \\$aIncludes bibliographical references (p. 94-98).
=590  \\$aLC copy lacks errata slip.
=600  \0$aBach, Johann Sebastian$d1685-1750$1http://www.wikidata.org/entity/Q1339$94766
=830  \0$9842$aEuropäische Hochschulschriften.$nReihe XXXVI,$pMusikwissenschaft ;$vBd. 140.
=942  \\$cBOO
=952  \\$00$10$40$6BIO_BACH1_E$70$8BIO$910336$aORPH$bORPH$cKTS1_P$d2020-07-08$eKoopman$i45D41$oBIO BACH1 e$p20127288$r2021-01-12 00:00:00$w2021-01-12$yBOO$OKoopman
=999  \\$c10349$d10349

