=LDR  00944aam a2200205   4500
=001  10350
=008  230418s1963\\\\||||||||\||||\00|\0\ger\d
=041  \\$ager
=100  \\$aReckziegel, W.$913461$4aut
=245  \\$aDas Cantional von Johan Herman Schein
=260  \\$aBerlin$bMerseburger$c1963
=490  \\$aBerliner Studien zur Musikwissenschaft$v5
=600  \0$1http://www.wikidata.org/entity/Q57827$aSchein, Johann Hermann$d1586-1630$921808
=648  \0$1http://www.wikidata.org/entity/Q7016$a17th Century (1601-1700)$920923
=650  \0$aVocal music$1http://www.wikidata.org/entity/Q685884$93319
=651  \0$1http://www.wikidata.org/entity/Q183$aGermany$9155
=700  \\$1http://www.wikidata.org/entity/Q348555$4edt$aAdrio, Adam$d1901-1973$922059
=942  \\$cBOO
=952  \\$00$10$2ddc$40$6BIO_SCHE3_E$70$8BIO$910337$aORPH$bORPH$cKTS1_P$d2020-07-08$eKoopman$i37F06$oBIO SCHE3 e$p20120498$r2021-01-12 00:00:00$w2021-01-12$yBOO$OKoopman
=999  \\$d10350

