=LDR  01103nam a2200265 a 4500
=001  10351
=005  20250820142500.0
=008  881004s1987\\\\fr\a\\\\\\\\\\001\0dfre\\
=020  \\$a2070111199
=040  \\$aOI
=245  00$aAlbum Maupassant /$ciconographie choisie et commentée par Jacques Réda.
=260  \\$a[Paris] :$bGallimard,$cc1987.
=300  \\$a325 p. :$bill. ;$c18 cm.
=490  0\$aBibliothèque de la Pléiade
=490  0\$aAlbum de la Pléiade ;$v26
=500  \\$aIncludes index.
=600  \0$aMaupassant, Guy de$d1850-1893$1http://www.wikidata.org/entity/Q9327$913462
=648  \0$a19th Century (1801-1900)$1http://www.wikidata.org/entity/Q6955$920935
=650  \0$aWriter$1http://www.wikidata.org/entity/Q36180$93885
=650  \0$aBiography$1http://www.wikidata.org/entity/Q36279$91927
=651  \0$aFrance$1http://www.wikidata.org/entity/Q142$9131
=700  \\$aRéda, Jacques$d1929-$913463
=942  \\$cBOO
=952  \\$00$10$2ddc$40$6LIT_MAUP_A$70$8LIT$910338$aORPH$bORPH$cKM12_2_H$d2020-07-08$eKoopman$i40H09$oLIT MAUP a$p20122212$r2021-01-12 00:00:00$w2021-01-12$yBOO
=999  \\$d10351

