=LDR  01059    a2200229   4500
=001  10357
=005  20250925143258.0
=008  210819s1943\\\\||||||||\||||\00|\0\dut\d
=041  \\$adut
=100  \\$aReeser, Eduard$d1908-2002$4edt$913468
=245  \\$aDe Vereeniging voor Nederlandsche Muziekgeschiedenis$b1868-1943. Gedenkboek
=260  \\$aAmsterdam$bAlsbach$c1943
=300  \\$a104 pages
=561  \\$aEx libris Theo van der Bul (plate)
=610  \0$aKoninklijke Vereniging voor Nederlandse Muziekgeschiedenis (Utrecht, Netherlands)$922064
=648  \0$a19th Century (1801-1900)$1http://www.wikidata.org/entity/Q6955$920935
=648  \0$a20th Century (1901-2000)$1http://www.wikidata.org/entity/Q6927$920936
=650  \0$aMusic history$1http://www.wikidata.org/entity/Q846047$921373
=650  \0$aLearned society$1http://www.wikidata.org/entity/Q955824$922065
=942  \\$cBOO
=952  \\$00$10$2ddc$40$6TOP_NL_6_000000000000000$70$8TOP$910344$aORPH$bORPH$cKTS0$d2020-07-08$eKoopman$i30E05$oTOP NL 6$p20123363$r2021-01-12 00:00:00$w2021-01-12$yBOO
=999  \\$d10357

