=LDR  00939cam a2200229 a 4500
=001  10358
=005  20250120115935.0
=008  841031s1984\\\\gw\agh\\\b\\\\000\0bger\\
=020  \\$a3980094529
=040  \\$aOI
=041  \\$ager
=100  \\$aReeser, Eduard$d1908-2002$4aut$913468
=245  14$aEin Augsburger Musiker in Paris: Johann Gottfried Eckard, 1735-1809
=260  \\$aAugsburg$bEigenverlag$c1984
=300  \\$a189 p. :$bill., music, facsims. ;$c21 cm.
=504  \\$aList of composer's works: p. 135-138.
=504  \\$aIncludes bibliographical references: p. 149-158.
=600  \0$aEckard, Johann Gottfried$d1735-1809$1http://www.wikidata.org/entity/Q3808862$913469
=651  \0$aParis (France)$1http://www.wikidata.org/entity/Q90$9160
=942  \\$cBOO
=952  \\$00$10$2ddc$40$6BIO_ECKA_D$70$8BIO$910345$aORPH$bORPH$cKTS1_P$d2020-07-08$eKoopman$i32G24$l0$oBIO ECKA d$p20122801$r2021-01-12 00:00:00$w2021-01-12$yBOO
=999  \\$c10358$d10358

