=LDR  02659aam a2200373   4500
=001  10359
=008  210902s1939\\\\\\\|||||\||||\00|\0\dut\d
=041  \\$adut
=100  \\$aReeser, Eduard$d1908-2002$4aut$1http://www.wikidata.org/entity/Q3531572$913468
=245  \\$aDe klaviersonate met vioolbegeleiding in het Parijse muziekleven ten tijde van Mozart
=260  \\$aRotterdam$bBrusse$c1939
=300  \\$a178+102 pages
=520  \\$aProefschrift ter verkrijging van de graad van Doctor in de Letteren en Wijsbegeerte aan de Rijksuniversiteit te Utrecht op gezag van den Rector Magnificus prof.F.H. Quix, Hoogleraar in de faculteit geneeskunde, volgens besluit van den Senaat der universiteit te verdedigen op vrijdag 27 october 1939.


=600  \0$1http://www.wikidata.org/entity/Q254$aMozart, Wolfgang Amadeus$d1756-1791$95341
=600  \0$1http://www.wikidata.org/entity/Q371862$aMondonville, Jean-Joseph Cassanéa de$d1711-1772$95396
=600  \0$1http://www.wikidata.org/entity/Q327607$aGuillemain, Louis-Gabriel$d1705-1770$926522
=600  10$1http://www.wikidata.org/entity/Q34933718$aClément, Charles François$d1719-1799$95347
=600  \0$1http://www.wikidata.org/entity/Q550279$aSchobert, Johann$d1720-1767$95141
=600  \0$1http://www.wikidata.org/entity/Q3830652$aHonauer, Leontzi$d?1737-c. 1790$95144
=600  \0$1http://www.wikidata.org/entity/Q582947$aCouperin, Armand-Louis$d1727-1789$922189
=600  \0$1http://www.wikidata.org/entity/Q3166176$aBeauvarlet-Charpentier, Jean-Jacques$d1734-1794$97849
=600  \0$1http://www.wikidata.org/entity/Q588375$aHüllmandel, Nicolas-Joseph$d1756-1823$97650
=600  \0$1http://www.wikidata.org/entity/Q1684863$aEdelmann, Jean-Frédéric$d1749-1794$96544
=600  \0$1http://www.wikidata.org/entity/Q980580$aGuénin, Marie Alexandre$d1744-1835$97640
=648  \0$1http://www.wikidata.org/entity/Q7015$a18th Century (1701-1800)$920899
=650  \0$1http://www.wikidata.org/entity/Q131269$aSonata$921653
=650  \0$1http://www.wikidata.org/entity/Q105715630$aKeyboard music$921412
=650  \0$1http://www.wikidata.org/entity/Q310735$aFreedom$923033
=650  \0$1http://www.wikidata.org/entity/Q8355$aViolin$92783
=651  \0$1http://www.wikidata.org/entity/Q90$aParis (France)$9160
=942  \\$cBOO
=952  \\$00$10$2ddc$3vol. 1$40$6TOP_FR_5_000000000000000$70$8TOP$910346$aORPH$bORPH$cKTS0$d2020-07-08$eKoopman$i25F13a$oTOP FR 5$p20129386$r2021-01-12 00:00:00$w2021-01-12$yBOO
=952  \\$00$10$2ddc$3vol. 2$40$6TOP_FR_5_000000000000000$70$8TOP$910347$aORPH$bORPH$cKTS0$d2020-07-08$eKoopman$i25F13b$oTOP FR 5$p20129385$r2021-01-12 00:00:00$w2021-01-12$yBOO
=999  \\$d10359

