=LDR  01170nam a22002657i 4500
=001  10364
=003  OI
=005  20250121142126.0
=008  050711s1948\\\\gw\||||||\\\\|||||\|||||c
=040  \\$bOI
=041  \7$ager
=100  \\$aReichardt, Johann Friedrich$d1752-1814$1http://www.wikidata.org/entity/Q213742$4aut$95430
=245  10$aJohann Abraham Peter Schulz
=260  \\$aKassel$bBärenreiter$c1948
=300  \\$a39 pages, [1] table$bportrait$c19 cm
=590  \\$avon Johann Friedrich Reichardt ; neu herausgegeben von Richard Schaal.
=600  \0$aSchulz, Johann Abraham Peter$d1747-1800$1http://www.wikidata.org/entity/Q706221$921317
=648  \0$a18th Century (1701-1800)$1http://www.wikidata.org/entity/Q7015$920899
=650  \0$aComposer$1http://www.wikidata.org/entity/Q36834$93625
=650  \0$aBiography$1http://www.wikidata.org/entity/Q36279$91927
=651  \0$aGermany$1http://www.wikidata.org/entity/Q183$9155
=700  \\$aSchaal, Richard$4edt$919055
=942  \\$cBOO
=952  \\$00$10$2ddc$40$6BIO_SCHU7_D$70$8BIO$910351$aORPH$bORPH$cKTS1_P$d2020-07-08$eKoopman$i23G28$oBIO SCHU7 d$p20125753$r2021-01-12 00:00:00$w2021-01-12$yBOO$OKoopman
=999  \\$d10364

