=LDR  01058    a2200217   4500
=001  10366
=008  210903m19081912||||||||\||||\00|\0bger\d
=041  \\$ager
=100  \\$aReichel, E.$4aut$913475
=245  \\$aGottsched
=260  \\$aBerlin$bGottsched-Verlag$c1908; 1912
=300  \\$a2 vols.
=600  \0$aGottsched, Johann Christoph$d1700-1766$1http://www.wikidata.org/entity/Q76442$910582
=648  \0$a18th Century (1701-1800)$1http://www.wikidata.org/entity/Q7015$920899
=650  \0$aLiterature$1http://www.wikidata.org/entity/Q8242$94439
=650  \0$aBiography$1http://www.wikidata.org/entity/Q36279$91927
=651  \0$aGermany$1http://www.wikidata.org/entity/Q183$9155
=942  \\$cBOO
=952  \\$00$10$2ddc$3Erster Band$40$6BIO_GOTT_D$70$8BIO$910353$aORPH$bORPH$cKTS1_P$d2020-07-08$eKoopman$i43F18_01$oBIO GOTT d$p20126463$r2021-01-12 00:00:00$w2021-01-12$yBOO
=952  \\$00$10$2ddc$3Zweiter Band$40$6BIO_GOTT_D$70$8BIO$910354$aORPH$bORPH$cKTS1_P$d2020-07-08$eKoopman$i43F18_02$oBIO GOTT d$p20126462$r2021-01-12 00:00:00$w2021-01-12$yBOO
=999  \\$d10366

