=LDR  01068cam a2200253 i 4500
=001  10369
=005  20250821130544.0
=008  790410s1978\\\\gw\a\\\\\b\\\\011\0\ger\\
=020  \\$a3875371593
=041  \\$ager
=245  00$aMundus Organorum.$bFestschrift Walter Supper zum 70. Geburtstag
=260  \\$aBerlin $bMerseburger$c1978
=300  \\$a419 pages$bill. $c24 cm
=490  1\$aVeröffentlichung der Gesellschaft der Orgelfreunde, 62
=504  \\$aIncludes bibliographies and indexes.
=600  \0$aSupper, Walter$913477
=650  \0$aOrgan$1http://www.wikidata.org/entity/Q1444$92810
=650  \0$aOrgan music$1http://www.wikidata.org/entity/Q2003283$91951
=650  \0$aOrganology$1http://www.wikidata.org/entity/Q899293$921400
=700  \\$aReichling, Alfred$4ctb$915751
=710  \\$aGesellschaft der Orgelfreunde$1http://www.wikidata.org/entity/Q1518383$91218
=942  \\$cBOO
=952  \\$00$10$2ddc$40$6INS_3_000000000000000_1D$70$8INS$910356$aORPH$bORPH$cKTS0$d2020-07-08$eKoopman$i30E19$oINS3.1d$p20123349$r2021-01-12 00:00:00$w2021-01-12$yBOO
=999  \\$d10369

