=LDR  01150cam a2200265 a 4500
=001  10370
=008  851215s1982\\\\it\ab\\\\b\\\\001\0\ger\\
=040  \\$aOI
=245  10$aOrgellandschaft Südtirol
=260  \\$aBozen$bAthesia$c1982
=300  \\$a205 pages$bcol. ill., map $c29 cm
=490  1\$a90. Veröffentlichung der Gesellschaft der Orgelfreunde
=500  \\$aMap on lining papers.
=500  \\$aIncludes indexes.
=504  \\$aBibliography: p. 198-200.
=650  \0$aOrgan$1http://www.wikidata.org/entity/Q1444$92810
=650  \0$aOrganology$1http://www.wikidata.org/entity/Q899293$921400
=651  \0$aItaly$1http://www.wikidata.org/entity/Q38$922
=651  \0$aTrentino-South Tyrol (Italy)$1http://www.wikidata.org/entity/Q1237$923561
=651  \0$aBolzano (Trentino-Alto Adige, Italy)$1http://www.wikidata.org/entity/Q6526$924396
=700  \\$aGolarits, Istvan$d-1931$4aut$913479
=700  \\$aReichling, Alfred$4aut$915751
=942  \\$cBOO
=952  \\$00$10$2ddc$40$6INS_3_000000000000000_1A_IT_BOL2$70$8INS$910357$aORPH$bORPH$cKTS0$d2020-07-08$eKoopman$i24G25$oINS3.1a IT.BOL2$p20125810$r2021-01-12 00:00:00$w2021-01-12$yBOO
=999  \\$d10370

