=LDR  01258cam a2200277 a 4500
=001  10371
=005  20250120115935.0
=008  840829s1984\\\\enka\\\\\b\\\\001\0beng\\
=020  \\$a070432427X :$c£11.95
=040  \\$aOI
=041  \\$aeng
=100  \\$aReid, Charles$d1900-1987$913480$4aut
=245  14$aThe Music Monster:$bA Biography of James William Davison, Music Critic of the Times of London, 1846-78 
=260  \\$aLondon$aMelbourne$aNew York$bQuartet Books$c1984
=300  \\$ax-243 pages$billustrations$c25 cm
=500  \\$aIncludes index.
=504  \\$aBibliography: p. 235-238.
=590  \\$aWith Excerpts from His Critical Writings
=600  \0$aDavison, James William$d1813-1885$1http://www.wikidata.org/entity/Q17308940$913481
=648  \0$a19th Century (1801-1900)$1http://www.wikidata.org/entity/Q6955$920935
=650  \0$aMusic criticism$1http://www.wikidata.org/entity/Q11748889$921598
=650  \0$aBiography$1http://www.wikidata.org/entity/Q36279$91927
=651  \0$aLondon (United Kingdom)$1http://www.wikidata.org/entity/Q84$9123
=942  \\$cBOO
=952  \\$00$10$2ddc$40$6BIO_DAVI_D$70$8BIO$910358$aORPH$bORPH$cKTS1_P$d2020-07-08$eKoopman$i32D17$l0$oBIO DAVI d$p20123128$r2021-01-12 00:00:00$w2021-01-12$yBOO$OKoopman
=999  \\$d10371

