=LDR  01118aam a2200229   4500
=001  10372
=008  240309s1984\\\\||||||||\||||\00|\0\mul\d
=041  \\$arum$ager
=100  \\$aReilich, Gabriel$dfl. 1677$913482$4aut
=245  \\$aPădure spiritual-muzicala de flori si trandafiri - Partea a doua 1677 =$bGeistlich-Musicalischer Blum- und Rosanwald - Anderer Theil 1677
=260  \\$aBucarest$bEditura Muzicală$c1984
=300  \\$a306 pages
=600  \0$aKrieger, Johann Philipp$d1649-1725$1http://www.wikidata.org/entity/Q524087$912185
=600  \0$aHammerschmidt, Andreas$c1611-1675$1http://www.wikidata.org/entity/Q497864$97242
=600  10$aCapricornus, Samuel$d1628-1665$1http://www.wikidata.org/entity/Q669942$926633
=600  \0$aVest, J.$927154
=648  \0$a17th Century (1601-1700)$1http://www.wikidata.org/entity/Q7016$920923
=651  \0$aRomania$1http://www.wikidata.org/entity/Q218$922099
=700  \\$aTürk, Hans Peter$4edt$927153
=942  \\$cBOO
=952  \\$00$10$2ddc$40$70$910359$aORPH$bORPH$cLOC_UNK$d2020-07-08$eKoopman$i23E24$l0$p20128957$r2021-01-12 00:00:00$w2021-01-12$yBOO$OKoopman
=999  \\$d10372

