=LDR  01944cam a2200337 a 4500
=001  10373
=005  20251003085458.0
=008  710702s1971\\\\nyug\\\\\b\\\\001\0\eng\\
=040  \\$aOI
=041  \\$aeng
=100  1\$aReilly, Edward R.$4aut
=245  10$aQuantz and his Versuch:$bThree Studies
=260  \\$aNew York$bAmerican Musicological Society$bGalaxy Music Corporation$c[1971]
=300  \\$axi-178 pages$bmusic$c23 cm
=490  \\$aStudies and Documents (American Musicological Society)$v5
=504  \\$aAppendix I: Quantz's Compositions in Manuscript: A Guide to Their Location; Appendix II: Eighteenth-Century Editions of Quantz's Music; Appendix III: Modern Editions of Quantz's Music; Bibliography: p. 164-173; Index
=520  \\$aStudies dealing with Quantz's work as a composer, the dissemination of the Versuch in Germany and other European countries, and the musical and historical background of several topics dealt with in the treatise.
=600  \0$aQuantz, Johann Joachim$d1697-1773$1http://www.wikidata.org/entity/Q77212$96465
=648  \0$a18th Century (1701-1800)$1http://www.wikidata.org/entity/Q7015$920899
=650  \0$aMethod$1http://www.wikidata.org/entity/Q2250960$921402
=650  \0$aFlute$1http://www.wikidata.org/entity/Q11405$921276
=650  \0$aReception$1http://www.wikidata.org/entity/Q1791660$925021
=650  \0$aCatalogue$1http://www.wikidata.org/entity/Q2352616$921484
=651  \0$aBerlin (Germany)$1http://www.wikidata.org/entity/Q64$948
=651  \0$aGermany$1http://www.wikidata.org/entity/Q183$9155
=651  \0$aNetherlands$1http://www.wikidata.org/entity/Q55$9173
=651  \0$aUnited Kingdom$1http://www.wikidata.org/entity/Q21$9273
=651  \0$aItaly$1http://www.wikidata.org/entity/Q38$922
=942  \\$cBOO
=952  \\$00$10$2ddc$40$6BIO_QUAN_E$70$8BIO$910360$aORPH$bORPH$cKTS1_P$d2020-07-08$eKoopman$i23G15$oBIO QUAN e$p20125773$r2021-01-12 00:00:00$w2021-01-12$yBOO
=999  \\$d10373

