=LDR  01169aam a2200253   4500
=001  10375
=008  250820s2006\\\\||||||||\||||\00|\0bdut\d
=041  \\$adut
=100  \\$aReinders, Ank$913484$4aut
=245  \\$aMozart en de stem:$bcastraten, tenoren, sopranen en Mozarts eigen stem
=260  \\$aOegstgeest$bMozartvereniging$c2006
=490  \\$aPro Mozart$v36
=500  \\$aNog geen RFID
=600  \0$aMozart, Wolfgang Amadeus$d1756-1791$1http://www.wikidata.org/entity/Q254$95341
=648  \0$a18th Century (1701-1800)$1http://www.wikidata.org/entity/Q7015$920899
=650  \0$aVoice$1http://www.wikidata.org/entity/Q7390$925199
=650  \0$aSinging$1http://www.wikidata.org/entity/Q27939$92767
=650  \0$aCastrato$1http://www.wikidata.org/entity/Q210970$92704
=650  \0$aTenor$1http://www.wikidata.org/entity/Q27914$923513
=650  \0$aSoprano$1http://www.wikidata.org/entity/Q30903$922885
=651  \0$aAustria$1http://www.wikidata.org/entity/Q40$9202
=942  \\$cBOO
=952  \\$00$10$2ddc$40$6BIO_MOZA1_F$70$8BIO$910362$aORPH$bORPH$cKTS1_P$d2020-07-08$eKoopman$i34D30$l0$oBIO MOZA1 f$p20145728$r2021-01-12 00:00:00$w2021-01-12$yPER$OKoopman
=999  \\$d10375

