=LDR  01278cam a22002894a 4500
=001  10376
=005  20250121142126.0
=008  100405s2010\\\\ne\ac\\\\b\\\\000\0bdut\\
=020  \\$a9789059118799
=040  \\$aOI
=041  \\$adut
=100  \\$aReinders, Ank$4aut$913484
=245  10$aNannerl Mozart:$bde zus van een genie
=260  \\$aSoesterberg$bAspekt$c2010
=300  \\$a79 pages$billustrations, portraits$c22 cm
=490  0\$aAspekt-biografie
=504  \\$aIncludes bibliographical references (p. 79).
=600  \0$aMozart, Maria Anna$d1751-1829$1http://www.wikidata.org/entity/Q157928$912885
=610  \0$aMozart family$1http://www.wikidata.org/entity/Q18574758$922340
=648  \0$a18th Century (1701-1800)$1http://www.wikidata.org/entity/Q7015$920899
=648  \0$a19th Century (1801-1900)$1http://www.wikidata.org/entity/Q6955$920935
=650  \0$aInstrumentalist$1http://www.wikidata.org/entity/Q1278335$921706
=650  \0$aFemale$1http://www.wikidata.org/entity/Q6581072$921764
=651  \0$aSalzburg (Austria)$1http://www.wikidata.org/entity/Q34713$921433
=942  \\$cBOO
=952  \\$00$10$2ddc$40$6BIO_MOZA3_D$70$8BIO$910363$aORPH$bORPH$cKTS1_P$d2020-07-08$eKoopman$i38F37$oBIO MOZA3 d$p20122344$r2021-01-12 00:00:00$w2021-01-12$yBOO$OKoopman
=999  \\$d10376

