=LDR  01206cam a22002657i 4500
=001  10379
=005  20250218160748.0
=008  170120t20172017ne\a\\\\\b\\\\001\0\dut\\
=020  \\$a9789460043260
=040  \\$aOI
=041  \\$adut
=100  \\$aReinders, Sophie$4aut$913487
=245  13$aDe mug en de kaars:$bvriendenboekjes van adellijke vrouwen, 1575-1640
=260  \\$aNijmegen$bVantilt$c2017
=300  \\$a527 pages$billustrations (some color)$c24 cm
=504  \\$aIncludes bibliographical references (pages 487-514) and index.
=648  \0$a16th Century (1501-1600)$1http://www.wikidata.org/entity/Q7017$920944
=648  \0$a17th Century (1601-1700)$1http://www.wikidata.org/entity/Q7016$920923
=650  \0$aAlbum amicorum$1http://www.wikidata.org/entity/Q14523803$927398
=650  \0$aFemale$1http://www.wikidata.org/entity/Q6581072$921764
=650  \0$aCultural history$1http://www.wikidata.org/entity/Q858517$922395
=651  \0$aNetherlands$1http://www.wikidata.org/entity/Q55$9173
=942  \\$cBOO
=952  \\$00$10$2ddc$40$6TOP_NL_4_000000000000000$70$8TOP$910366$aORPH$bORPH$cKTS0$d2020-07-08$eKoopman$i47F25$l0$oTOP NL 4$p20123785$r2021-01-12 00:00:00$w2021-01-12$yBOO$OKoopman
=999  \\$d10379

