=LDR  01331cam a2200277 a 4500
=001  10381
=005  20250121142126.0
=008  951228s1994\\\\gw\agh\\\bc\\\000\0\ger\d
=020  \\$a392870334X
=040  \\$aOI
=041  \\$ager
=100  \\$4aut$aReipsch, Brit$910879
=245  00$a“... fast alle gebräuchlichen Instrumente”:$bGeorg Philipp Telemann und Musikinstrumente seiner Zeit
=260  \\$aMagdeburg$bDas Magdeburger Museen$aOschersleben$bZiethen$c1994
=300  \\$a71 pages$bill. (some col.), music, facsims. ;$c22 x 27 cm.
=500  \\$aCatalog of an exhibition held at the museum Mar. 10-Apr. 24, 1994 as a part of the 12th Magdeburger Telemann-Festtage.
=504  \\$aIncludes bibliographical references.
=590  \\$aKatalog und Begleittexte zur Ausstellung von Brit Reipsch.
=600  \0$aTelemann, Georg Philipp$d1681-1767$1http://www.wikidata.org/entity/Q75854$99287
=648  \0$a18th Century (1701-1800)$1http://www.wikidata.org/entity/Q7015$920899
=650  \0$aOrganology$1http://www.wikidata.org/entity/Q899293$921400
=700  \\$aReipsch, Brit$910879
=710  \\$aKulturhistorisches Museum Magdeburg.$91524
=942  \\$cBOO
=952  \\$00$10$2ddc$40$6BIO_TELE_E$70$8BIO$910368$aORPH$bORPH$cKTS1_P$d2020-07-08$eKoopman$i19F21$oBIO TELE e$p20125251$r2021-01-12 00:00:00$w2021-01-12$yBOO
=999  \\$d10381

