=LDR  01364    a2200301   4500
=001  10384
=005  20250925143258.0
=008  210924s1978\\\\-ukfo|||\||||\00|\0\eng\d
=020  \\$a0713405694
=041  \\$aeng
=100  \\$aRemnant, Mary$4aut$913492
=245  \\$aMusical Instruments of the West
=260  \\$c1978$aLondon$bB.T. Batsford
=300  \\$a240 pages
=561  \\$aEx Libris Ton Koopman
=648  \0$aMiddle Ages (500-1400)$1http://www.wikidata.org/entity/Q12554$920964
=648  \0$a15th Century (1401-1500)$1http://www.wikidata.org/entity/Q7018$921015
=648  \0$a16th Century (1501-1600)$1http://www.wikidata.org/entity/Q7017$920944
=648  \0$a17th Century (1601-1700)$1http://www.wikidata.org/entity/Q7016$920923
=648  \0$a18th Century (1701-1800)$1http://www.wikidata.org/entity/Q7015$920899
=648  \0$a19th Century (1801-1900)$1http://www.wikidata.org/entity/Q6955$920935
=648  \0$a20th Century (1901-2000)$1http://www.wikidata.org/entity/Q6927$920936
=650  \0$aOrganology$1http://www.wikidata.org/entity/Q899293$921400
=651  \0$aEurope$1http://www.wikidata.org/entity/Q46$991
=651  \0$aUSA$1http://www.wikidata.org/entity/Q30$943
=942  \\$cBOO
=952  \\$00$10$2ddc$40$6INS_1A$70$8INS$910371$aORPH$bORPH$cKTS0$d2020-07-08$eKoopman$i38F16$oINS1a$p20122314$r2021-01-12 00:00:00$w2021-01-12$yBOO
=999  \\$d10384

