=LDR  01215cam a22002777a 4500
=001  10385
=005  20250120120116.0
=008  810526s1980\\\\gw\g\\\\\\\\\\000\0\ita\\
=020  \\$a387252108X
=040  \\$aOI
=041  \\$ager
=100  \\$aRempp, Frieder$d1520-1591$4aut$917567
=245  14$aDie Kontrapunkttraktate Vincenzo Galileis
=260  \\$aCologne$bVolk$c1980
=300  \\$aix-331 pages$bmusic$c24 cm
=490  \\$aVeröffentlichungen des Staatlichen Instituts für Musikforschung Preussischer Kulturbesitz$v9
=600  \0$aGalilei, Vincenzo$d1520-1591$1http://www.wikidata.org/entity/Q313765$913493
=648  \0$a16th Century (1501-1600)$1http://www.wikidata.org/entity/Q7017$920944
=650  \0$aCounterpoint$1http://www.wikidata.org/entity/Q186393$921487
=650  \0$aMusic theory$1http://www.wikidata.org/entity/Q193544$92662
=651  \0$aFlorence (Italy)$1http://www.wikidata.org/entity/Q2044$9248
=700  \\$aReinecke, Hans-Peter$922436$4edt
=700  \\$aDroysen-Reber, Dagmar$4edt$910610
=942  \\$cBOO
=952  \\$00$10$2ddc$40$6BIO_GALI1_E$70$8BIO$910372$aORPH$bORPH$cKTS1_P$d2020-07-08$eKoopman$i28B18$oBIO GALI1 e$p20123621$r2021-01-12 00:00:00$w2021-01-12$yBOO$OKoopman
=999  \\$d10385

