=LDR  01136    a2200265   4500
=001  10388
=005  20250926134856.0
=008  210712e1996\\\\\\\||nn|\||||\00|\0\ger\d
=020  \\$aM-006-49423-4
=040  \\$aMB
=041  \\$ager
=100  \\$aBach, Johann Sebastian$d1685-1750$4cmp$1http://www.wikidata.org/entity/Q1339$94766
=245  \\$aKritischer Bericht: Choräle und Geistliche Lieder Teil 2, Choräle der Sammlung C.P.E. Bach nach dem Druck von 1784-1787
=260  \\$c1996$aGermany$bBärenreiter
=300  \\$a376 pages$bmusic
=336  \\$aprinted
=490  \\$aNeue Ausgabe Sämtlicher Werke$vSerie III: 2.2
=648  \0$a18th Century (1701-1800)$1http://www.wikidata.org/entity/Q7015$920899
=650  \0$aLute$1http://www.wikidata.org/entity/Q180733$93944
=650  \0$aChorale$1http://www.wikidata.org/entity/Q724473$921334
=651  \0$aGermany$1http://www.wikidata.org/entity/Q183$9155
=700  \\$4edt$aRempp, Frieder$917567
=942  \\$cSCO
=952  \\$00$10$2ddc$40$6SCO_BACH1$70$8SCO$910375$aORPH$bORPH$cKTS1_P$d2020-07-08$eKoopman$i29A01$l0$oSCO BACH1$p20123500$r2021-01-12 00:00:00$yTYPE_UNK
=999  \\$c10388$d10388

