=LDR  01692cam a2200337 a 4500
=001  10389
=005  20250925143258.0
=008  850508m1984\\\\gw\a\\\\\b\\\\001\0\ger\\
=041  \\$ager
=245  10$aGeschichte der Orgelbaukunst in Ost- und Westpreussen von 1333 bis 1944
=260  \\$aWürzburg$bWeidlich$c1984
=300  \\$a339 pages+97 plates$bill. $c27 cm
=490  1\$aBau- und Kunstdenkmäler im Östlichen Mitteleuropa$v2
=490  0\$aVeröffentlichung der Gesellschaft der Orgelfreunde$v238
=500  \\$aFollowing the death of W. Renkewitz in 1978, Hermann Fischer (1928-) became a joint author.
=500  \\$aIncludes indexes.
=504  \\$aIncludes bibliographical references.
=648  \0$aMiddle Ages (500-1400)$1http://www.wikidata.org/entity/Q12554$920964
=648  \0$aRenaissance (1400-1600)$1http://www.wikidata.org/entity/Q4692$920965
=648  \0$a17th Century (1601-1700)$1http://www.wikidata.org/entity/Q7016$920923
=648  \0$a18th Century (1701-1800)$1http://www.wikidata.org/entity/Q7015$920899
=648  \0$a19th Century (1801-1900)$1http://www.wikidata.org/entity/Q6955$920935
=648  \0$a20th Century (1901-2000)$1http://www.wikidata.org/entity/Q6927$920936
=650  \0$aOrgan$1http://www.wikidata.org/entity/Q1444$92810
=651  \0$aPoland$1http://www.wikidata.org/entity/Q36$996
=651  \0$aPrussia (Germany)$1http://www.wikidata.org/entity/Q38872$9231
=700  \\$aRenkewitz, Werner$4aut$913496
=700  \\$aJanca, Jan$4aut$913497
=942  \\$cBOO
=952  \\$00$10$2ddc$40$6INS_3_000000000000000_1D_DE$70$8INS$910376$aORPH$bORPH$cKTS0$d2020-07-08$eKoopman$i24E04$oINS3.1d DE$p20125947$r2021-01-12 00:00:00$w2021-01-12$yBOO
=999  \\$d10389

