=LDR  00375    a2200109   4500
=001  10390
=100  \\$aRennert, H. A.$913498
=245  \\$aThe Life of Lope de Vega (1562-16
=260  \\$c1904
=942  \\$cBOO
=952  \\$00$10$2ddc$40$6BIO_LOPE_D$70$8BIO$910377$aORPH$bORPH$cKTS1_P$d2020-07-08$eKoopman$i38B13$oBIO LOPE d$p20120465$r2021-01-12 00:00:00$w2021-01-12$yBOO$OKoopman
=999  \\$c10390$d10390

