=LDR  01553nam a2200337zc 4500
=001  10391
=005  20250422093840.0
=008  040418s1975\\\\xx\\\\\\\||||\00|||beng\d
=035  \\$a(OCoLC)251412634
=035  \\$a(DE-599)BVBBV018804443
=040  \\$aDE-604$bger
=041  \\$aeng
=100  \\$aRennert, Jonathan$4aut$940078
=245  10$aWilliam Crotch (1775-1847):$bComposer, Artist, Teacher
=260  \\$aLavenham, Suffolk$bTerence Dalton Limited$c1975
=300  \\$a116 pages, [16] pages of plates$bmusic examples, facsimiles
=336  \\$btxt$2rdacontent
=337  \\$bn$2rdamedia
=338  \\$bnc$2rdacarrier
=504  \\$aIncludes a Bibliography and Discography, and an Index (of names)
=600  \0$aCrotch, William$d1775-1847$1http://www.wikidata.org/entity/Q718709$95523
=648  \0$a18th Century (1701-1800)$1http://www.wikidata.org/entity/Q7015$920899
=648  \0$a19th Century (1801-1900)$1http://www.wikidata.org/entity/Q6955$920935
=650  \0$aComposer$1http://www.wikidata.org/entity/Q36834$93625
=650  \0$aOrganist$1http://www.wikidata.org/entity/Q765778$94471
=650  \0$aMusic education$1http://www.wikidata.org/entity/Q27908$921766
=650  \0$aBiography$1http://www.wikidata.org/entity/Q36279$91927
=651  \0$aUnited Kingdom$1http://www.wikidata.org/entity/Q21$1http://www.wikidata.org/entity/Q145$9273
=942  \\$cBOO
=952  \\$00$10$2ddc$40$6BIO_CROT_D$70$8BIO$910378$aORPH$bORPH$cKTS1_P$d2020-07-08$eKoopman$i32D16$l0$oBIO CROT d$p20123129$r2021-01-12 00:00:00$w2021-01-12$yBOO$OKoopman
=999  \\$d10391

