=LDR  00908    a2200193   4500
=001  10393
=008  211110r1807\\\\gw\h||||\||||\00|\0\ita\d
=041  \\$aita
=100  \\$aRequeno, Vincenzo$4aut$1http://www.wikidata.org/entity/Q6161304$913501
=245  \\$aIl tamburo.$bStromento di prima necessità pel regolamento delle truppe
=260  \\$c1807 $aRome$bSalvioni
=300  \\$a93 pages
=500  \\$aFacsimile from the copy in the Bayer. Staatsbibliothek.
The pdf has been printed in bookform and custom bound.
=648  \0$a18th Century (1701-1800)$1http://www.wikidata.org/entity/Q7015$920899
=650  \0$aPercussion$1http://www.wikidata.org/entity/Q1661583$92155
=650  \0$aMethod$1http://www.wikidata.org/entity/Q2250960$921402
=942  \\$cBOO
=952  \\$00$10$2ddc$40$6INS_8C$70$8INS$910380$aORPH$bORPH$cKTS0$d2020-07-08$eKoopman$i44D29$oINS8c$p20126610$r2021-01-12 00:00:00$w2021-01-12$yBOO
=999  \\$d10393

