=LDR  00372    a2200109   4500
=001  10395
=100  \\$aReresby, J.$913502
=245  \\$aThe memoirs and travels of Sir Jo
=260  \\$c1904
=942  \\$cBOO
=952  \\$00$10$2ddc$40$6BIO_RERE_A$70$8BIO$910382$aORPH$bORPH$cKTS1_P$d2020-07-08$eKoopman$i25C46$oBIO RERE a$p20129256$r2021-01-12 00:00:00$w2021-01-12$yBOO$OKoopman
=999  \\$c10395$d10395

