=LDR  01378nam a2200277 a 4500
=001  10397
=008  910807s1991\\\\gw\a\\\\\b\\\\001\0\ger\\
=041  \\$ager
=100  \\$aRestle, Konstantin$4aut$913504
=245  10$aBartolomeo Cristofori und die Anfänge des Hammerclaviers.$bQuellen, Dokumente und Instrumente des 15. bis 18. Jahrhunderts
=260  \\$aMünchen $bEditio Maris$c1991
=300  \\$a448 pages
=490  \\$aMünchener Arbeiten zur Musiktheorie und Instrumentenkunde $v1
=500  \\$aOriginally presented as the author's thesis (doctoral--Universität München).
=500  \\$aIncludes index.
=504  \\$aIncludes bibliographical references (p. [411]-424).
=561  \\$aEx Libris Ton Koopman
=600  \0$aCristofori, Bartolomeo$d1655-1732$1http://www.wikidata.org/entity/Q301597$913505
=648  \0$a18th Century (1701-1800)$1http://www.wikidata.org/entity/Q7015$920899
=650  \0$aKeyboard music$1http://www.wikidata.org/entity/Q105715630$921412
=650  \0$aHarpsichord$1http://www.wikidata.org/entity/Q81982$92125
=650  \0$aPiano$1http://www.wikidata.org/entity/Q5994$92127
=651  \0$aItaly$1http://www.wikidata.org/entity/Q38$922
=942  \\$cBOO
=952  \\$00$10$2ddc$40$6INS_3_000000000000000_3B_CRIS$70$8INS$910384$aORPH$bORPH$cKTS0$d2020-07-08$eKoopman$i46F18$oINS3.3b CRIS$p20126904$r2021-01-12 00:00:00$w2021-01-12$yBOO
=999  \\$d10397

