=LDR  01274aam a2200241   4500
=001  10398
=008  231201s1965\\\\||||||||\||||\00|\0afre\d
=041  \\$afre
=100  \\$aRetz, Jean François Paul de Gondi de$d1613-1679$cCardinal$1http://www.wikidata.org/entity/Q353879$4aut$96762
=245  \\$aMémoires du Cardinal de Retz
=260  \\$aParis$bGallimard$c1965
=300  \\$a2 volumes
=648  \0$a17th Century (1601-1700)$1http://www.wikidata.org/entity/Q7016$920923
=650  \0$aBiography$1http://www.wikidata.org/entity/Q36279$91927
=650  \0$aCatholicism$1http://www.wikidata.org/entity/Q1841$921631
=650  \0$aCultural history$1http://www.wikidata.org/entity/Q858517$922395
=651  \0$aFrance$1http://www.wikidata.org/entity/Q142$9131
=700  \\$aMorand, Paul$d1888-1976$1http://www.wikidata.org/entity/Q272$4edt$925156
=700  \\$aBulli, Geneviève$4edt$926442
=942  \\$cBOO
=952  \\$00$10$2ddc$3vol. 1$40$6BIO_RETZ_A$70$8BIO$910385$aORPH$bORPH$cKTS1_P$d2020-07-08$eKoopman$i40C08_01$oBIO RETZ a$p20120286$r2021-01-12 00:00:00$w2021-01-12$yBOO$OKoopman
=952  \\$00$10$2ddc$3vol. 2$40$6BIO_RETZ_A$70$8BIO$910386$aORPH$bORPH$cKTS1_P$d2020-07-08$eKoopman$i40C08_02$oBIO RETZ a$p20120285$r2021-01-12 00:00:00$w2021-01-12$yBOO$OKoopman
=999  \\$d10398

