=LDR  00437    a2200109   4500
=001  10400
=100  \\$aRetz, Jean François Paul de Gondi de$d1613-1679$cCardinal$1http://www.wikidata.org/entity/Q353879$96762
=245  \\$aMémoires
=260  \\$c1949
=942  \\$cBOO
=952  \\$00$10$2ddc$40$6BIO_RETZ_A$70$8BIO$910387$aORPH$bORPH$cKTS1_P$d2020-07-08$eKoopman$i44D34$l0$oBIO RETZ a$p20126605$r2021-01-12 00:00:00$w2021-01-12$yBOO$OKoopman
=999  \\$c10400$d10400

