=LDR  01009aam a2200193   4500
=001  10401
=008  250120s1975\\\\|||a||||\||||\00|\0\dut\d
=041  \\$adut
=110  \\$aKoninklijke Bibliotheek van België / Bibliothèque royale 'Albert Ier' (Brussels, Belgium)$1http://www.wikidata.org/entity/Q383931$91442
=245  \\$aVijf jaar aanwinsten 1969-1973:$bTentoonstelling georganiseerd in de Koninklijke Bibliotheek Albert I van 18 januari tot 1 maart 1975
=260  \\$c1975$aBrussels$bKoninklijke Bibliotheek Albert I
=300  \\$a508 pages
=650  \0$aLibrary$1http://www.wikidata.org/entity/Q7075$94229
=650  \0$aCollecting$1http://www.wikidata.org/entity/Q208165$92117
=651  \0$aBrussels (Belgium)$1http://www.wikidata.org/entity/Q239$937
=700  \\$aWittek, Martin$4win$915556
=942  \\$cBOO
=952  \\$00$10$2ddc$40$6BIB_4_000000000000000_BE_BRU1$70$8BIB$910388$aORPH$bORPH$cKTS0$d2020-07-08$eKoopman$i18C33$l0$oBIB4 BE.BRU1$p20127070$r2021-01-12 00:00:00$w2021-01-12$yBOO$OKoopman
=999  \\$d10401

