=LDR  00890aam a2200205   4500
=001  10405
=008  230622s1967\\\\||||||||\||||\00|\0\dut\d
=041  \\$adut
=100  \\$aRevius, Jacobus$d1586-1658$1http://www.wikidata.org/entity/Q358629$4aut$914273
=245  \\$aIn uw genade grondeloos
=260  \\$aHasselt$bHeideland$c1967
=490  \\$aPoëtisch erfdeel der Nederlanden$vP51
=648  \0$1http://www.wikidata.org/entity/Q7016$a17th Century (1601-1700)$920923
=650  \0$1http://www.wikidata.org/entity/Q9174$aReligion$93062
=650  \0$1http://www.wikidata.org/entity/Q482$aPoetry$93026
=651  \0$1http://www.wikidata.org/entity/Q55$aNetherlands$9173
=700  \\$4edt$926348$aBittremieux, C.
=942  \\$cBOO
=952  \\$00$10$2ddc$40$6LIT_REVI_A$70$8LIT$910392$aORPH$bORPH$cKM12_2_H$d2020-07-08$eKoopman$i40G36$oLIT REVI a$p20122232$r2021-01-12 00:00:00$w2021-01-12$yBOO
=999  \\$d10405

