=LDR  01110aam a2200241   4500
=001  10406
=008  250620s1929\\\\|||ao|||\b|||\00|\0\fre\d
=041  \\$afre
=100  \\$aRey, Raymond$913510$4aut
=245  \\$aLa Cathédrale de Toulouse
=260  \\$c1929$aParis$bLaurens
=300  \\$a100 pages
=490  \\$aPetites monographies des grands édifies de la France
=610  \0$aCathédrale Saint-Étienne (Toulouse, France)$1http://www.wikidata.org/entity/Q2737833$924350
=650  \0$aChurch$1http://www.wikidata.org/entity/Q16970$93776
=650  \0$aArchitecture$1http://www.wikidata.org/entity/Q12271$93185
=650  \0$aApplied arts$1http://www.wikidata.org/entity/Q2865882$921627
=650  \0$aInterior design$1http://www.wikidata.org/entity/Q179232$921367
=650  \0$aCatholicism$1http://www.wikidata.org/entity/Q1841$921631
=651  \0$aToulouse (France)$1http://www.wikidata.org/entity/Q7880$922604
=942  \\$cBOO
=952  \\$00$10$2ddc$40$6TOP_FR_TOU$70$8TOP$910393$aORPH$bORPH$cKTS0$d2020-07-08$eKoopman$i44E15$l0$oTOP FR.TOU$p20126582$r2021-01-12 00:00:00$w2021-01-12$yBOO$OKoopman
=999  \\$d10406

