=LDR  00861nam a22002291p 4500
=001  10408
=005  20230123095302.0
=008  800110s1975\\\\ne\af\\\\b\\\\001\0\dut\\
=015  \\$aNe75-35
=020  \\$a902321272X :$cfl 68.00
=040  \\$aOI
=041  0\$adutengfreger
=100  \\$aReynvaan, H. F.$d-1901$913512
=245  10$aNiet altijd somer :$bgeschiedenis van het geslacht Reynvaan /$cH. F. Reynvaan.
=260  \\$aAssen :$bVan Gorcum,$c1975.
=300  \\$axiii, 220 p., [1] leaf of plates :$bill. ;$c29 cm.
=500  \\$aSummaries in English, French, and German.
=504  \\$aIncludes bibliographies and indexes.
=610  \0$aReynvaan family$922345
=942  \\$cBOO
=952  \\$00$10$2ddc$40$6BIO_REYN_D$70$8BIO$910395$aORPH$bORPH$cKTS1_P$d2020-07-08$eKoopman$i20G26$oBIO REYN d$p20128161$r2021-01-12 00:00:00$w2021-01-12$yBOO$OKoopman
=999  \\$c10408$d10408

