=LDR  01233cam a2200289 i 4500
=001  10409
=005  20250217154326.0
=008  791004s1977\\\\gw\a\\\\\bc\\\001\0\ger\\
=020  \\$a3795202205 :
=040  \\$aOI
=041  \\$ager
=100  \\$aRheinfurth, Hans$913514$4aut
=245  14$aDer Musikverlag Lotter in Augsburg (ca. 1719-1845)
=260  \\$aTutzing$bSchneider$c1977
=300  \\$a344 pages$billustrations$c24 cm
=490  \\$aMusikbibliographische Arbeiten$v3
=500  \\$aOriginally presented as the author's thesis, Münster.
=500  \\$aIncludes index.
=504  \\$aBibliography: p. 331-334.
=610  \0$aLotter family$1http://www.wikidata.org/entity/Q15060496$91525
=648  \0$a18th Century (1701-1800)$1http://www.wikidata.org/entity/Q7015$920899
=648  \0$a19th Century (1801-1900)$1http://www.wikidata.org/entity/Q6955$920935
=650  \0$aPublishing$1http://www.wikidata.org/entity/Q3972943$93049
=651  \0$aAugsburg (Germany)$1http://www.wikidata.org/entity/Q2749$921699
=942  \\$cBOO
=952  \\$00$10$2ddc$40$6BIB_4_000000000000000_DE_AUG_5$70$8BIB$910396$aORPH$bORPH$cKTS0$d2020-07-08$eKoopman$i41A05$l0$oBIB4 DE.AUG 5$p20120212$r2021-01-12 00:00:00$w2021-01-12$yBOO$OKoopman
=999  \\$d10409

