=LDR  00391    a2200121   4500
=001  10410
=020  \\$a9789025301699
=100  \\$aRhodos, A. van$913515
=245  \\$aDe tocht van de Argonauten
=260  \\$c1996
=942  \\$cBOO
=952  \\$00$10$2ddc$40$6LIT_APOL_A$70$8LIT$910397$aORPH$bORPH$cKM12_2_H$d2020-07-08$eKoopman$i42D16$oLIT APOL a$p20122051$r2021-01-12 00:00:00$w2021-01-12$yBOO
=999  \\$c10410$d10410

