=LDR  00932    a2200229   4500
=001  10411
=008  220517s1989\\\\fr\f||||\||||\00|\0\fre\d
=020  \\$a2950396909
=041  \\$afre
=100  \\$aRibault, Jean-Yves$4aut$913516
=245  \\$aLe grand orgue de la Cathédrale Saint-Etienne de Bourges
=260  \\$c1989$aBourges$bLes amis du Grand Orgue
=300  \\$a80 pages
=336  \\$aprinted
=610  \0$aCathédrale Saint-Etienne (Bourges, Bourges)$924217
=650  \0$aOrgan$1http://www.wikidata.org/entity/Q1444$92810
=650  \0$aOrganology$1http://www.wikidata.org/entity/Q899293$921400
=651  \0$aBourges (France)$1http://www.wikidata.org/entity/Q132404$924216
=700  \\$4ctb$aKern, Daniel$924215
=942  \\$cBOO
=952  \\$00$10$2ddc$40$6INS_3_000000000000000_1E_FR_BOU$70$8INS$910398$aORPH$bORPH$cKTS0$d2020-07-08$eKoopman$i42G04$oINS3.1e FR.BOU$p20120045$r2021-01-12 00:00:00$w2021-01-12$yTYPE_UNK
=999  \\$d10411

