=LDR  00568    a2200157   4500
=001  10412
=008  210329s1981\\\\\\\|||||\||||\00|\0\ita\d
=041  \\$aita
=100  \\$aRicci, F. M.$4aut$913517
=245  \\$aCastello Caetani Sermoneta
=260  \\$aMilan$bFMR$c1981
=490  \\$aLe guide al Grand Tour
=651  \0$aSermoneta (Italy)$1http://www.wikidata.org/entity/Q128202$921073
=942  \\$cBOO
=952  \\$00$10$2ddc$40$6TOP_IT_SER$70$8TOP$910399$aORPH$bORPH$cKTS0$d2020-07-08$eKoopman$i18C10$l0$oTOP IT.SER$p20127707$r2021-01-12 00:00:00$w2021-01-12$yBOO
=999  \\$c10412$d10412

