=LDR  01177aam a2200253   4500
=001  10413
=008  250604r19691930|||a||||\||||\00|\0\eng\d
=041  \\$aeng
=100  \\$aRicci, Seymour de $d1881-1942$1http://www.wikidata.org/entity/Q15996348$913518
=245  \\$aEnglish collectors of books & manuscripts (1530-1930) and their marks of ownership
=250  \\$areprint
=260  \\$c1969$aNew York$bFranklin
=300  \\$a203 pages
=490  \\$aSandars Lectures$v1929-1930
=534  \\$cOriginally published in 1930
=648  \0$aPast$1http://www.wikidata.org/entity/Q192630$922196
=650  \0$aCollecting$1http://www.wikidata.org/entity/Q208165$92117
=650  \0$aBook$1http://www.wikidata.org/entity/Q571$92285
=650  \0$aManuscript$1http://www.wikidata.org/entity/Q87167$92275
=650  \0$aBookplate$1http://www.wikidata.org/entity/Q188456$926750
=651  \0$aUnited Kingdom$1http://www.wikidata.org/entity/Q21$1http://www.wikidata.org/entity/Q145$9273
=942  \\$cBOO
=952  \\$00$10$2ddc$40$6BIB_4_000000000000000_GB$70$8BIB$910400$aORPH$bORPH$cKTS0$d2020-07-08$eKoopman$i41D43$l0$oBIB4 GB$p20120128$r2021-01-12 00:00:00$w2021-01-12$yBOO$OKoopman
=999  \\$d10413

