=LDR  00880cam a2200205 a 4500
=001  10414
=008  900625s1992\\\\-uka\\\\\b\\\\001\0\eng\\
=041  \\$aeng
=100  \\$aRice, Albert R.$4aut$913519
=245  14$aThe Baroque Clarinet
=260  \\$aOxford$bClarendon$aNew York$bOxford University Press$c1992
=300  \\$axx-197 pages$bill.$c26 cm.
=490  1\$aEarly Music Series$v13
=504  \\$aIncludes bibliographical references (p. [166]-188) and index.
=648  \0$a18th Century (1701-1800)$1http://www.wikidata.org/entity/Q7015$920899
=650  \0$aClarinet$1http://www.wikidata.org/entity/Q8343$92937
=650  \0$aMusic history$1http://www.wikidata.org/entity/Q846047$921373
=942  \\$cBOO
=952  \\$00$10$2ddc$40$6INS_6_000000000000000_4A$70$8INS$910401$aORPH$bORPH$cKTS0$d2020-07-08$eKoopman$i29C06$oINS6.4a$p20123478$r2021-01-12 00:00:00$w2021-01-12$yBOO
=999  \\$d10414

