=LDR  01535cam a2200277 i 4500
=001  10415
=005  20250121142126.0
=008  150506t20152015nyug\\\\\b\\\\001\0beng\c
=020  \\$a9781580465328 (hardcover : alkaline paper)
=040  \\$aOI
=041  \\$aeng
=100  \\$aRice, Paul Francis$d-1949$4aut$913520
=245  10$aVenanzio Rauzzini in Britain:$bCastrato, Composer, and Cultural Leader
=260  \\$aRochester, NY$bUniversity of Rochester Press$c2015
=300  \\$axii-402 pages$billustrations, music$c24 cm
=490  1\$aEastman Studies in Music$x1071-9989 ;$v125
=504  \\$aIncludes bibliographical references (pages 383-393)  and index.
=505  0\$gRauzzini's European career -- A debut season at the King's Theatre, 1774-75 -- Two further seasons at the King's Theatre, 1775-77 -- Concerts and composing, 1774-81 -- A continuing relationship with the King's Theatre -- A life in Bath -- The Bath concerts -- Final curtain.
=600  \0$aRauzzini, Venanzio$d1746-1810$1http://www.wikidata.org/entity/Q516430$913521
=648  \0$a18th Century (1701-1800)$1http://www.wikidata.org/entity/Q7015$920899
=650  \0$aCastrato$1http://www.wikidata.org/entity/Q210970$92704
=650  \0$aMusic history$1http://www.wikidata.org/entity/Q846047$921373
=651  \0$aUnited Kingdom$1http://www.wikidata.org/entity/Q21$9273
=942  \\$cBOO
=952  \\$00$10$2ddc$40$6BIO_RAUZ_D$70$8BIO$910402$aORPH$bORPH$cKTS1_P$d2020-07-08$eKoopman$i47F41$oBIO RAUZ d$p20123810$r2021-01-12 00:00:00$w2021-01-12$yBOO$OKoopman
=999  \\$d10415

