=LDR  01368cam a2200289 a 4500
=001  10419
=005  20250120115856.0
=008  991209s1999\\\\ne\a\\\\\\\\\\001\0aeng\\
=020  \\$a906550169X (pbk.)
=040  \\$aOI
=100  \\$aRichards, Elizabeth$d1778-1863$913523
=245  14$aThe diary of Elizabeth Richards (1798-1825) :$bfrom the Wexford Rebellion in Ireland to family life in the Netherlands /$cedited by Marie de Jong-IJsselstein ; with an introduction on the Wexford Rebellion (1798) by Kevin Whelan.
=260  \\$aHilversum :$bVerloren,$c1999.
=300  \\$a171 p. :$bill. ;$c22 cm.
=490  \\$aEgodocumenten ;$vd. 19
=500  \\$aIncludes index.
=600  \0$aRichards, Elizabeth$d1778-1863$913523
=648  \0$a19th Century (1801-1900)$1http://www.wikidata.org/entity/Q6955$920935
=650  \0$aDiary$1http://www.wikidata.org/entity/Q185598$921711
=650  \0$aDiary$1http://www.wikidata.org/entity/Q185598$921711
=651  \0$aIreland$1http://www.wikidata.org/entity/Q27$9219
=651  \0$aNetherlands$1http://www.wikidata.org/entity/Q55$9173
=700  \\$aJong-IJsselstein, Marie de$913525
=700  \\$aWhelan, Kevin,$d-1958$913526
=942  \\$cBOO
=952  \\$00$10$2ddc$40$6BIO_RICH3_A$70$8BIO$910406$aORPH$bORPH$cKTS1_P$d2020-07-08$eKoopman$i22A27$oBIO RICH3 a$p20125606$r2021-01-12 00:00:00$w2021-01-12$yBOO$OKoopman
=999  \\$c10419$d10419

