=LDR  01358nam a22002895a 4500
=001  10420
=005  20250120120402.0
=008  950525s1989\\\\gw\\\\\\\\\\\\000\0\ger\\
=020  \\$a3910019021
=040  \\$aOI
=041  \\$ager
=100  \\$aRichter, Gert$4edt$914719
=245  00$aSamuel Scheidt:$bWirkungskreis, Persönlichkeit, Werk
=260  \\$aHalle an der Saale$bHändel-Haus$c1989
=300  \\$a112 pages$bmusic$c21 cm
=490  0\$aSchriften des Händel-Hauses in Halle$v5
=504  \\$aLiteraturverzeichnis, pages 101-111
=590  \\$aBericht über eine Konferenz am 17. und 18. Oktober 1987 im Händel-Haus Halle anlässlich des 400. Geburtstages von Samuel Scheidt
=600  \0$aScheidt, Samuel$d1587-1654$1http://www.wikidata.org/entity/Q169291$96474
=648  \0$a17th Century (1601-1700)$1http://www.wikidata.org/entity/Q7016$920923
=650  \0$aComposer$1http://www.wikidata.org/entity/Q36834$93625
=650  \0$aOrganist$1http://www.wikidata.org/entity/Q765778$94471
=650  \0$aMusic history$1http://www.wikidata.org/entity/Q846047$921373
=651  \0$aHalle (Saale, Germany)$1http://www.wikidata.org/entity/Q2814$921799
=942  \\$cBOO
=952  \\$00$10$2ddc$40$6BIO_SCHE2_E$70$8BIO$910407$aORPH$bORPH$cKTS1_P$d2020-07-08$eKoopman$i23D47$l0$oBIO SCHE2 e$p20128620$r2021-01-12 00:00:00$w2021-01-12$yTYPE_UNK$OKoopman
=999  \\$d10420

