=LDR  01206cam a22003014a 4500
=001  10421
=005  20250120120250.0
=008  010713s2001\\\\gw\a\\\\\b\\\\000\0\geroc
=010  \\$a  2001433069
=020  \\$a3898120856 (hd. bd.)
=035  \\$a(OCoLC)ocm47702836
=040  \\$aOHX$cOHX$dNOC$dOCLCQ$dDLC
=041  1\$ager$aeng$hger
=042  \\$apcc
=072  \7$aML$2lcco
=100  \\$aZauft, Karin$913528
=245  10$aHändel und die Händel-Festspiele in Halle /$cKarin Zauft ; [Übersetzung, Gesine Falana].
=250  \\$a1. Aufl.
=260  \\$aHalle :$bMitteldeutscher Verlag,$c2001.
=300  \\$a129 p. :$bill. (some col.) ;$c22 cm.
=546  \\$aGerman and English.
=504  \\$aIncludes bibliographical references (p. 129).
=600  \0$aHandel, George Frideric$d1685-1759$1http://www.wikidata.org/entity/Q7302$94765
=600  \0$aHandel, George Frideric$d1685-1759$1http://www.wikidata.org/entity/Q7302$94765
=610  \0$aHändel-Festspiele (Halle an der Saale, Germany)$91526
=942  \\$cBOO
=952  \\$00$10$2ddc$40$6BIO_HAND_F$70$8BIO$910408$aORPH$bORPH$cKTS1_P$d2020-07-08$eKoopman$i23F12$l0$oBIO HAND f$p20128906$r2021-01-12 00:00:00$w2021-01-12$yBOO$OKoopman
=999  \\$c10421$d10421

