=LDR  01131cam a22002531  4500
=001  10422
=005  20250120115826.0
=008  740117s1963\\\\xx\a\\\\\\\\\\000\0\ger\\
=040  \\$aOI
=041  \\$ager
=100  \\$aRichter, Horst$4aut$913531
=245  10$aJohann Oswald Harms:$bein deutscher Theaterdekorateur des Barock
=260  \\$aEmsdetten$bLechte$c1963
=300  \\$a254 pages$bseveral leaves of illus. ;$c24cm.
=490  1\$aDie Schaubühne: Quellen und Forschungen zur Theatergeschichte$v58
=504  \\$aBibliography: p. 246-252.
=600  \0$aHarms, Johann Oswald$d1643-1708$1http://www.wikidata.org/entity/Q1695730$922222
=648  \0$a17th Century (1601-1700)$1http://www.wikidata.org/entity/Q7016$920923
=650  \0$aStaging$1http://www.wikidata.org/entity/Q3508687$922118
=650  \0$aScenography$1http://www.wikidata.org/entity/Q737201$921278
=651  \0$aGermany$1http://www.wikidata.org/entity/Q183$9155
=942  \\$cBOO
=952  \\$00$10$2ddc$40$6BIO_HARM_D$70$8BIO$910409$aORPH$bORPH$cKTS1_P$d2020-07-08$eKoopman$i43F04$l1$oBIO HARM d$p20126477$r2022-08-02 00:00:00$s2022-06-30$w2021-01-12$yBOO
=999  \\$d10422

