=LDR  01401cam a2200313 a 4500
=001  10423
=005  20251003085458.0
=008  000211s2000\\\\gw\h\\\\\bc\\\000\0\ger\d
=010  \\$a  2001523934
=020  \\$a347645231X
=035  \\$a(OCoLC)ocm43346271
=040  \\$aOHX$cOHX$dORU$dDLC
=042  \\$alccopycat
=072  \7$aZ$2lcco
=072  \7$aML$2lcco
=100  \\$aRichter, Thomas$d-1964$913532$4aut
=245  10$aBibliotheca Zelteriana:$bRekonstruktion der Bibliothek Carl Friedrich Zelters. Alphabetischer Katalog
=260  \\$aStuttgart$bMetzler$c2000
=300  \\$avii-270 pages$bfacsimiles$c21 cm
=490  \\$aM & P Schriftenreihe für Wissenschaft und Forschung
=500  \\$aIncludes locations for items in Zelter's library acquired by public libraries and archives, principally in Germany.
=504  \\$aIncludes bibliographical references.
=600  \0$aZelter, Carl Friedrich$d1758-1832$1http://www.wikidata.org/entity/Q58857$922803
=648  \0$1http://www.wikidata.org/entity/Q6955$a19th Century (1801-1900)$920935
=650  \0$aLibrary$1http://www.wikidata.org/entity/Q7075$94229
=650  \0$aCatalogue$1http://www.wikidata.org/entity/Q2352616$921484
=942  \\$cBOO
=952  \\$00$10$2ddc$40$6BIB_4_000000000000000_DE_ZELT$70$8BIB$910410$aORPH$bORPH$cKTS0$d2020-07-08$eKoopman$i47C08$l0$oBIB4 DE ZELT$p20123742$r2021-01-12 00:00:00$w2021-01-12$yBOO$OKoopman
=999  \\$d10423

