=LDR  01099cam a2200253 a 4500
=001  10424
=005  20250120120549.0
=008  920417s1991\\\\ne\a\\\\\b\\\\000\0\dut\\
=020  \\$a9012066425
=040  \\$aOI
=041  \\$adut
=100  \\$aRidderbos, Bernhard$4aut$923754
=245  13$aDe melancholie van de kunstenaar:$bHugo van der Goes en de oudnederlandse schilderkunst
=260  \\$aThe Hague$bSdu$c1991
=300  \\$a235 pages$billustrations$c25 cm
=504  \\$aIncludes bibliographical references (p. 223-230).
=600  \0$avan der Goes, Hugo$d1440-1482$1http://www.wikidata.org/entity/Q215251$923755
=648  \0$a15th Century (1401-1500)$1http://www.wikidata.org/entity/Q7018$921015
=650  \0$aFine art$1http://www.wikidata.org/entity/Q219625$921579
=650  \0$aEmotion$1http://www.wikidata.org/entity/Q9415$921566
=651  \0$aFlanders (Belgium)$1http://www.wikidata.org/entity/Q234$989
=942  \\$cBOO
=952  \\$00$10$2ddc$40$6BIO_VAND1_E$70$8BIO$910411$aORPH$bORPH$cKTS1_P$d2020-07-08$eKoopman$i23D36$oBIO VAND1 e$p20128631$r2021-01-12 00:00:00$w2021-01-12$yBOO
=999  \\$d10424

