=LDR  01292cam a2200277 a 4500
=001  10426
=005  20250120120108.0
=008  940422s1990\\\\gw\a\\\\\b\\\\001\0\ger\d
=020  \\$a3873971216
=041  \\$ager
=100  \\$aRiedel, Friedrich Wilhelm$d1929-2020$1http://www.wikidata.org/entity/Q85423107$910668
=245  10$aQuellenkundliche Beiträge zur Geschichte der Musik für Tasteninstrumente in der zweiten Hälfte des 17. Jahrhunderts.$b(vornehmlich in Deutschland)
=250  \\$a2., erw. Aufl.
=260  \\$aMünchen $bE. Katzbichler$c1990
=300  \\$a234 pages
=490  \\$aMusikwissenschaftliche Schriften $vBd. 22
=504  \\$aIncludes bibliographical references and indexes.
=561  \\$aEx Libris Ton Koopman
=648  \0$a17th Century (1601-1700)$1http://www.wikidata.org/entity/Q7016$920923
=650  \0$aKeyboard music$1http://www.wikidata.org/entity/Q105715630$921412
=650  \0$aKeyboard instrument$1http://www.wikidata.org/entity/Q52954$92849
=650  \0$aMusic history$1http://www.wikidata.org/entity/Q846047$921373
=651  \0$aGermany$1http://www.wikidata.org/entity/Q183$9155
=942  \\$cBOO
=952  \\$00$10$2ddc$40$6INS_3A_DE$70$8INS$910413$aORPH$bORPH$cKTS0$d2020-07-08$eKoopman$oINS3a DE$p20128402$r2021-01-12 00:00:00$w2021-01-12$yBOO
=999  \\$d10426

