=LDR  01182cam a22002538i 4500
=001  10427
=005  20250925143258.0
=008  200910s1989\\\\\\\\\\\\\\\\\\000\0\ger\\
=020  \\$a3873975084
=040  \\$aOI
=041  \\$ager
=100  \\$aRiedel, Friedrich Wilhelm$d1929-2020$4aut$1http://www.wikidata.org/entity/Q85423107$910668
=245  10$aMusik und Geschichte:$cgesammelte Aufsätze und Vorträge zur musikalischen Landeskunde
=260  \\$bKatzbichler$c1989$aMunich$aSalzburg
=300  \\$a221 pages
=490  \\$aStudien zur Landes- und Sozialgeschichte der Musik$v10
=588  \\$aDescription based on print version record and CIP data provided by publisher; resource not viewed.
=648  \0$a20th Century (1901-2000)$1http://www.wikidata.org/entity/Q6927$920936
=650  \0$aMusic history$1http://www.wikidata.org/entity/Q846047$921373
=651  \0$aGermany$1http://www.wikidata.org/entity/Q183$9155
=651  \0$aAustria$1http://www.wikidata.org/entity/Q40$9202
=942  \\$cBOO
=952  \\$00$10$2ddc$40$6TOP_AT_0_000000000000000$70$8TOP$910414$aORPH$bORPH$cKTS0$d2020-07-08$eKoopman$l0$oTOP AT 0$p20129268$r2021-01-12 00:00:00$w2021-01-12$yBOO$OKoopman
=999  \\$d10427

