=LDR  01284    a2200217   4500
=001  10429
=005  20251003085458.0
=020  \\$a3873975025
=100  \\$aRiedel, Friedrich Wilhelm$d1929-2020$1http://www.wikidata.org/entity/Q85423107$4edt$4cmm$4aut$910668
=245  \\$aDer Göttweiger Thematische Katalog von 1830$bI. Faksimile der Originalhandschrift - II. Historisch-quellenkundliche Bemerkungen, Kommentar und Register
=260  \\$c1979$aMunich$aSalzburg$bKatzbichler
=300  \\$a2 vols. (481+118 pages)
=490  \\$aStudien zur Landes- und Sozialgeschichte der Musik$vBand 2 & 3
=610  \0$aBenediktinerstift Göttweig (Austria)$939216
=648  \0$a19th Century (1801-1900)$1http://www.wikidata.org/entity/Q6955$920935
=650  \0$aCatalogue$1http://www.wikidata.org/entity/Q2352616$1https://www.wikidata.org/wiki/Q6941730$921484
=651  \0$aGöttweig (Austria)$939215
=942  \\$cBOO
=952  \\$00$10$2ddc$3Band II$40$6BIB_4_000000000000000_AT_GOT$70$8BIB$910416$aORPH$bORPH$cKTS0$d2020-07-08$eKoopman$l0$oBIB4 AT.GOT$p20122664$r2021-01-12 00:00:00$w2021-01-12$yBOO$OKoopman
=952  \\$00$10$2ddc$3Band I $40$6BIB_4_000000000000000_AT_GOT$70$8BIB$924114$aORPH$bORPH$cKTS0$d2020-07-08$eKoopman$l0$oBIB4 AT.GOT$p20122667$r2024-11-19 14:53:33$w2021-01-12$yBOO
=999  \\$d10429

