=LDR  01107aam a2200229   4500
=001  10430
=005  20251003085458.0
=008  230428s1963\\\\||||||||\c|||\00|\0\ger\d
=041  \\$ager
=100  \\$aRiedel, Friedrich Wilhelm$d1929-2020$4aut$1http://www.wikidata.org/entity/Q85423107$910668
=245  \\$aDas Musikarchiv im Minoritenkonvent zu Wien
=260  \\$aKassel$bBärenreiter$c1963
=300  \\$a139 pages
=490  \\$aCatalogus musicus$v1
=610  \0$1http://www.wikidata.org/entity/Q692799$aOrder of Friars Minor Conventual$926131
=610  \0$1http://www.wikidata.org/entity/Q688468$aMinoritenkirche (Vienna, Austria)$926132
=650  \0$aLibrary$1http://www.wikidata.org/entity/Q7075$94229
=650  \0$aCatalogue$1http://www.wikidata.org/entity/Q2352616$1https://www.wikidata.org/wiki/Q6941730$921484
=651  \0$1http://www.wikidata.org/entity/Q1741$aVienna (Austria)$920937
=942  \\$cBOO
=952  \\$00$10$2ddc$40$6BIB_4_000000000000000_AT_VIE$70$8BIB$910417$aORPH$bORPH$cKTS0$d2020-07-08$eKoopman$i34A23$l0$oBIB4 AT.VIE$p20122638$r2021-01-12 00:00:00$w2021-01-12$yBOO$OKoopman
=999  \\$d10430

