=LDR  00920    a2200205   4500
=001  10433
=008  210324s1914\\\\\\\|||||\||||\00|\0bger\d
=041  \\$ager
=100  \\$aRiedinger, L.$4aut$913541
=245  \\$aKarl von Dittersdorf als Opernkomponist
=260  \\$aVienna$bAlbrecht$c1914
=600  \0$aDittersdorf, Karl Ditters von$d1739-1799$1http://www.wikidata.org/entity/Q78522$97659
=648  \0$a18th Century (1701-1800)$1http://www.wikidata.org/entity/Q7015$920899
=650  \0$aBiography$1http://www.wikidata.org/entity/Q36279$91927
=650  \0$aComposer$1http://www.wikidata.org/entity/Q36834$93625
=650  \0$aOpera$1http://www.wikidata.org/entity/Q1344$92468
=651  \0$aAustria$1http://www.wikidata.org/entity/Q40$9202
=942  \\$cBOO
=952  \\$00$10$2ddc$40$6BIO_DITT_E$70$8BIO$910420$aORPH$bORPH$cKTS1_P$d2020-07-08$eKoopman$i19E26$oBIO DITT e$p20125287$r2021-01-12 00:00:00$w2021-01-12$yBOO
=999  \\$d10433

