=LDR  01405cam a2200313 a 4500
=001  10434
=005  20250121142126.0
=008  950616s1994\\\\gw\ag\\\\bc\\\001\0dger\d
=020  \\$a3487097982
=040  \\$aOI
=041  \\$ager
=100  \\$aRiedlbauer, Jörg$4aut$913542
=245  14$aDie Opern von Tommaso Trajetta
=260  \\$aHildesheim$aNew York$bOlms$c1994
=300  \\$aix-585 pages$billustrations, music$c21 cm
=490  \\$aStudien und Materialien zur Musikwissenschaft$v7
=500  \\$aOriginally presented as the author's thesis (Regensburg, 1990).
=504  \\$aThematic catalog: p. 303-554.
=504  \\$aIncludes bibliographical references (p. 555-575) and indexes.
=600  \0$aTraetta, Tommaso$d1727-1779$1http://www.wikidata.org/entity/Q266084$98183
=648  \0$a18th Century (1701-1800)$1http://www.wikidata.org/entity/Q7015$920899
=650  \0$aComposer$1http://www.wikidata.org/entity/Q36834$93625
=650  \0$aOpera$1http://www.wikidata.org/entity/Q1344$92468
=651  \0$aItaly$1http://www.wikidata.org/entity/Q38$922
=651  \0$aVienna (Austria)$1http://www.wikidata.org/entity/Q1741$920937
=651  \0$aSaint Petersburg (Russia)$1http://www.wikidata.org/entity/Q656$923056
=942  \\$cBOO
=952  \\$00$10$2ddc$40$6BIO_TRAE_E$70$8BIO$910421$aORPH$bORPH$cKTS1_P$d2020-07-08$eKoopman$i35B17$oBIO TRAE e$p20120773$r2021-01-12 00:00:00$w2021-01-12$yBOO
=999  \\$d10434

