=LDR  01046cam a2200229 i 4500
=001  10435
=005  20251103124736.0
=008  170414s2014\\\\gw\\\\\\\bm\\\001\0\ger\\
=020  \\$a9783631652718
=041  \\$ager
=100  \\$aRieger, Diana$d-1981$4aut$913544
=245  10$aZur Aktualität klassischer Orgelschulen.$bEvaluation, Akzeptanz, Ausblick 
=264  \1$aFrankfurt am Main$bPeter Lang$c2014
=300  \\$a187 pages $c21 cm.
=500  \\$aOriginally presented as author's dissertation--Hochschule für Musik und Darstellende Kunst, Frankfurt, 2014.
=504  \\$aIncludes bibliographical references (pages 179-183) and index.
=650  \0$aOrgan$1http://www.wikidata.org/entity/Q1444$92810
=650  \0$aMusic history$1http://www.wikidata.org/entity/Q846047$921373
=650  \0$aMusical interpretation$1http://www.wikidata.org/entity/Q1668139$94533
=942  \\$cBOO
=952  \\$00$10$2ddc$40$6INS_3_000000000000000_1D$70$8INS$910422$aORPH$bORPH$cKTS0$d2020-07-08$eKoopman$oINS3.1d$p20127163$r2021-01-12 00:00:00$w2021-01-12$yBOO
=999  \\$d10435

