=LDR  00355    a2200109   4500
=001  10436
=100  \\$aRieger, D.$913545
=245  \\$aAntonia - Die Rap-Elster
=260  \\$c2011
=942  \\$cBOO
=952  \\$00$10$2ddc$40$6LIT_RIEG_A$70$8LIT$910423$aORPH$bORPH$cKM12_2_H$d2020-07-08$eKoopman$i43G48$oLIT RIEG a$p20126753$r2021-01-12 00:00:00$w2021-01-12$yBOO
=999  \\$c10436$d10436

