=LDR  01011    a2200253   4500
=001  10441
=003  OSt
=005  20250925143258.0
=020  \\$a9789068251197
=040  \\$cOI
=041  \\$adut
=100  \\$aRiemens, Leo$4aut$913547
=245  \\$aGroot operaboek.$cBewerkt en uitgebreid door Peter van der Spek
=260  \\$c1993$aAbcoude$bUniepers
=300  \\$a576 pages
=648  \0$a17th Century (1601-1700)$1http://www.wikidata.org/entity/Q7016$920923
=648  \0$a18th Century (1701-1800)$1http://www.wikidata.org/entity/Q7015$920899
=648  \0$a19th Century (1801-1900)$1http://www.wikidata.org/entity/Q6955$920935
=648  \0$a20th Century (1901-2000)$1http://www.wikidata.org/entity/Q6927$920936
=650  \0$aOpera$1http://www.wikidata.org/entity/Q1344$92468
=700  \\$aSpek, Peter van der$923124
=942  \\$cBOO
=952  \\$00$10$2ddc$40$6GEN_16_000000000000000$70$8GEN$910428$aORPH$bORPH$cKM12_1$d2020-07-08$eKoopman$i19F54$oGEN16$p20125217$r2021-01-12 00:00:00$w2021-01-12$yBOO
=999  \\$d10441

