=LDR  01478aam a2200265   4500
=001  10442
=008  250428s1937\\\\|||fa|||\||||\00|\0\ger\d
=041  \\$ager
=059  \\$avn, pf
=100  \\$aRiemer, Otto$d1902-1977$1http://www.wikidata.org/entity/Q86365235$913548$4aut
=245  \\$aMusik und Musiker in Magdeburg.$bEin geschichtlicher Überblick über Magdeburgs Beitrag zur Deutschen Musik.$pEnclosed: Chr. Fr. Rolle (sen.) (1684-1751): Sonate für Violine und Klavier in G-Dur (Original: Trio für Violine und Orgel)
=260  \\$c1937$aMagdeburg$bStadt Magdeburg
=300  \\$a83-17-2 pages$binserted score, folded pages
=490  \\$aMagdeburger Kultur- und Wirtschaftsleben$vnr.14
=500  \\$aEnclosed score (in parts) of Chr.Fr. Rolle's violin sonata in G
=561  \\$aEx libris Oskar Kaul (plate)
=561  \\$aEx libris Dr. H. Schmid (plate)
=600  \0$aRolle, Johann Heinrich$d1716-1785$1http://www.wikidata.org/entity/Q515784$96866
=650  \0$aMusic history$1http://www.wikidata.org/entity/Q846047$921373
=650  \0$aSonata$1http://www.wikidata.org/entity/Q131269$921653
=651  \0$aMagdeburg (Germany)$1http://www.wikidata.org/entity/Q1733$923271
=700  \\$aRolle, Christian Friedrich$d1681-1751$1http://www.wikidata.org/entity/Q88342$4cmp$940093
=942  \\$cBOO
=952  \\$00$10$2ddc$40$6TOP_DE_MAG$70$8TOP$910429$aORPH$bORPH$cKTS0$d2020-07-08$eKoopman$i43G14$l0$oTOP DE.MAG$p20126794$r2021-01-12 00:00:00$w2021-01-12$yBOO$OKoopman
=999  \\$d10442

