=LDR  01257aam a2200205   4500
=001  10443
=008  231207b\\\\\\\\||||||||\||||\00|\0\ger\d
=041  \\$ager
=100  \\$aRiemer, Otto$d1902-1977$1http://www.wikidata.org/entity/Q86365235$4aut$913548
=245  \\$aErhard Bodenschatz und sein Florilegium Portense
=260  \\$c1928$bKistner und Siegel
=300  \\$a117 pages
=520  \\$aThe two volumes of Florilegium portense (1618 & 1621) are an anthology of motets primarily for 8 parts and are of particular interest because J. S. Bach ordered copies for his Leipzig choirs. The first volume is almost identical with Florilegium selectissimarum cantionum (1603) by the same author, replacing no. 51, omitting nos. 85…89 and adding 31 new pieces.
=600  \0$aBodenschatz, Erhard$d1576-1636$1http://www.wikidata.org/entity/Q1350756$923644
=648  \0$a17th Century (1601-1700)$1http://www.wikidata.org/entity/Q7016$920923
=650  \0$aMotet$1http://www.wikidata.org/entity/Q188285$92028
=651  \0$aGermany$1http://www.wikidata.org/entity/Q183$9155
=942  \\$cBOO
=952  \\$00$10$2ddc$40$6BIO_BODE_E$70$8BIO$910430$aORPH$bORPH$cKTS1_P$d2020-07-08$eKoopman$i46F20$l0$oBIO BODE e$p20126902$r2021-01-12 00:00:00$w2021-01-12$yBOO$OKoopman
=999  \\$d10443

