=LDR  01148cam a2200253 i 4500
=001  10444
=005  20250120115936.0
=008  150918t20152015ne\ab\\\\b\\\\001\0bdut\\
=020  \\$a9789059729728 (paperback)
=040  \\$aOI
=041  \\$adut
=100  \\$aRiemsdijk, Adriaan van$4aut$913549
=245  10$aFabrice de Bassecourt, 1578-1650:$bpriester en dominee. Een biografische schets
=260  \\$aDelft$bEburon$c2015
=300  \\$a286 pages$billustrations (some color), maps$c24 cm
=504  \\$aIncludes bibliographical references (pages 235-240) and indexes.
=600  \0$aBassecourt, Fabrice de la$d1578-1650$1http://www.wikidata.org/entity/Q52154015$913550
=648  \0$a17th Century (1601-1700)$1http://www.wikidata.org/entity/Q7016$920923
=650  \0$aProtestantism$1http://www.wikidata.org/entity/Q23540$921012
=650  \0$aBiography$1http://www.wikidata.org/entity/Q36279$91927
=651  \0$aNetherlands$1http://www.wikidata.org/entity/Q55$9173
=942  \\$cBOO
=952  \\$00$10$2ddc$40$6BIO_BASS_D$70$8BIO$910431$aORPH$bORPH$cKTS1_P$d2020-07-08$eKoopman$i45A29$oBIO BASS d$p20127419$r2021-01-12 00:00:00$w2021-01-12$yBOO
=999  \\$d10444

