=LDR  00396    a2200121   4500
=001  10447
=020  \\$a9783937788265
=100  \\$aRiepe, Juliane$913552
=245  \\$aHändel vor dem Fernrohr
=260  \\$c2013
=942  \\$cBOO
=952  \\$00$10$2ddc$40$6BIO_HAND_E$70$8BIO$910434$aORPH$bORPH$cKTS1_P$d2020-07-08$eKoopman$i43F28$oBIO HAND e$p20126452$r2021-01-12 00:00:00$w2021-01-12$yBOO$OKoopman
=999  \\$c10447$d10447

