=LDR  01368cam a2200301 a 4500
=001  10449
=005  20250925143258.0
=008  931110s1992\\\\ne\a\\\\\b\\\\001\0\dut\\
=020  \\$a9062527752
=040  \\$aOI
=041  0\$adut$beng
=100  \\$aRietveld-Van Wingerden, Marjoke$4aut$913555
=245  10$aVoor de lieve kleinen:$bhet jeugdtijdschrift in Nederland, 1757-1942
=260  \\$aThe Hague$bNederlands Bibliotheek en Lektuur Centrum$c1992
=300  \\$a319 pages$c24 cm
=500  \\$aSummary in English.
=500  \\$a"Stellingen" ([2] p.) inserted.
=502  \\$aThesis (doctoral)--Vrije Universiteit te Amsterdam, 1992.
=504  \\$aIncludes bibliographical references (p. 298-314) and index.
=648  \0$a18th Century (1701-1800)$1http://www.wikidata.org/entity/Q7015$920899
=648  \0$a19th Century (1801-1900)$1http://www.wikidata.org/entity/Q6955$920935
=648  \0$a20th Century (1901-2000)$1http://www.wikidata.org/entity/Q6927$920936
=650  \0$aPeriodical$1http://www.wikidata.org/entity/Q1002697$921106
=650  \0$aChild$1http://www.wikidata.org/entity/Q7569$92175
=651  \0$aNetherlands$1http://www.wikidata.org/entity/Q55$9173
=942  \\$cBOO
=952  \\$00$10$2ddc$40$6TOP_NL_5_000000000000000$70$8TOP$910436$aORPH$bORPH$cKTS0$d2020-07-08$eKoopman$i30D19$oTOP NL 5$p20121185$r2021-01-12 00:00:00$w2021-01-12$yBOO
=999  \\$d10449

